2022-04-07 12:54:21.136 | DEBUG    | __main__:<module>:16 - Start script
2022-04-07 12:54:28.175 | INFO     | __main__:get_depth_from_websocket:94 - {'result': None, 'id': 1}
2022-04-07 12:55:19.225 | DEBUG    | __main__:<module>:16 - Start script
2022-04-07 12:55:27.270 | INFO     | __main__:get_depth_from_websocket:94 - {'result': None, 'id': 1}
2022-04-07 12:55:27.273 | INFO     | __main__:get_depth_from_websocket:94 - {'stream': 'aliceusdt@depth', 'data': {'e': 'depthUpdate', 'E': 1649325320395, 's': 'ALICEUSDT', 'U': 1245894745, 'u': 1245894767, 'b': [['6.91000000', '13300.03000000'], ['6.90000000', '11840.15000000'], ['6.89000000', '4445.09000000'], ['6.76000000', '981.38000000'], ['6.74000000', '51.15000000'], ['6.41000000', '3242.13000000']], 'a': [['6.92000000', '642.51000000'], ['6.93000000', '6796.40000000']]}}
2022-04-07 12:55:27.297 | INFO     | __main__:get_depth_from_websocket:94 - {'stream': 'dydxusdt@depth', 'data': {'e': 'depthUpdate', 'E': 1649325320395, 's': 'DYDXUSDT', 'U': 837499767, 'u': 837499772, 'b': [['5.58500000', '25.80000000'], ['5.58400000', '600.00000000'], ['5.58300000', '185.50000000'], ['5.53500000', '463.03000000']], 'a': []}}
2022-04-07 12:55:27.308 | INFO     | __main__:get_depth_from_websocket:94 - {'stream': 'hotusdt@depth', 'data': {'e': 'depthUpdate', 'E': 1649325320395, 's': 'HOTUSDT', 'U': 1059593667, 'u': 1059593672, 'b': [['0.00567800', '24446.00000000'], ['0.00566700', '1100889.00000000']], 'a': [['0.00577600', '1794065.00000000'], ['0.00577700', '5303479.00000000'], ['0.00577800', '1484310.00000000'], ['0.00583800', '3065371.00000000']]}}
2022-04-07 12:55:27.320 | INFO     | __main__:get_depth_from_websocket:94 - {'stream': 'oneusdt@depth', 'data': {'e': 'depthUpdate', 'E': 1649325320395, 's': 'ONEUSDT', 'U': 1686394706, 'u': 1686394753, 'b': [['0.13789000', '0.00000000'], ['0.13786000', '2192.90000000'], ['0.13785000', '17305.90000000'], ['0.13780000', '53807.50000000'], ['0.13773000', '0.00000000'], ['0.13754000', '41880.20000000'], ['0.13753000', '4803.50000000'], ['0.13747000', '6825.30000000'], ['0.13725000', '4211.30000000']], 'a': [['0.13790000', '2050.00000000'], ['0.13791000', '0.00000000'], ['0.13792000', '0.00000000'], ['0.13793000', '3670.90000000'], ['0.13794000', '5899.60000000'], ['0.13795000', '4043.70000000'], ['0.13798000', '2921.40000000'], ['0.13799000', '0.00000000'], ['0.13800000', '29781.50000000'], ['0.13803000', '9096.90000000'], ['0.13816000', '5430.30000000'], ['0.13818000', '11880.00000000'], ['0.13830000', '88.00000000'], ['0.13875000', '43429.30000000']]}}
2022-04-07 12:55:27.375 | INFO     | __main__:get_depth_from_websocket:94 - {'stream': 'galausdt@depth', 'data': {'e': 'depthUpdate', 'E': 1649325320395, 's': 'GALAUSDT', 'U': 2060946497, 'u': 2060946574, 'b': [['0.22460000', '1386.00000000'], ['0.22459000', '0.00000000'], ['0.22457000', '1698.00000000'], ['0.22456000', '10525.00000000'], ['0.22453000', '12862.00000000'], ['0.22446000', '92922.00000000'], ['0.22443000', '69297.00000000'], ['0.22440000', '122503.00000000'], ['0.22435000', '6642.00000000'], ['0.22430000', '68410.00000000'], ['0.22393000', '7266.00000000'], ['0.22391000', '0.00000000'], ['0.22390000', '17744.00000000'], ['0.22389000', '586.00000000'], ['0.22388000', '71001.00000000'], ['0.22383000', '7262.00000000'], ['0.22380000', '2231.00000000'], ['0.22376000', '27185.00000000'], ['0.22374000', '2232.00000000'], ['0.22373000', '87043.00000000'], ['0.22372000', '2398.00000000'], ['0.22371000', '10197.00000000'], ['0.22370000', '6362.00000000'], ['0.22369000', '14417.00000000'], ['0.22368000', '12371.00000000'], ['0.22367000', '4501.00000000'], ['0.22366000', '5777.00000000'], ['0.22365000', '4623.00000000'], ['0.22362000', '24069.00000000'], ['0.22361000', '8825.00000000'], ['0.22360000', '4420.00000000'], ['0.22358000', '13235.00000000'], ['0.22353000', '9122.00000000'], ['0.22351000', '8794.00000000'], ['0.22350000', '10378.00000000'], ['0.22345000', '4421.00000000'], ['0.22343000', '5364.00000000']], 'a': [['0.22463000', '12226.00000000'], ['0.22464000', '20000.00000000'], ['0.22465000', '10000.00000000'], ['0.22466000', '17683.00000000'], ['0.22467000', '0.00000000'], ['0.22468000', '0.00000000'], ['0.22469000', '3387.00000000'], ['0.22485000', '27682.00000000'], ['0.22489000', '36082.00000000'], ['0.22498000', '125583.00000000'], ['0.22514000', '5640.00000000']]}}
2022-04-07 12:55:27.492 | INFO     | __main__:get_depth_from_websocket:94 - {'stream': 'iotxusdt@depth', 'data': {'e': 'depthUpdate', 'E': 1649325320395, 's': 'IOTXUSDT', 'U': 971618492, 'u': 971618578, 'b': [['0.08187000', '0.00000000'], ['0.08184000', '0.00000000'], ['0.08183000', '0.00000000'], ['0.08182000', '1236.00000000'], ['0.08181000', '11452.00000000'], ['0.08180000', '71042.00000000'], ['0.08179000', '8019.00000000'], ['0.08178000', '93778.00000000'], ['0.08177000', '0.00000000'], ['0.08175000', '64175.00000000'], ['0.08174000', '4020.00000000'], ['0.08173000', '206043.00000000'], ['0.08171000', '12727.00000000'], ['0.08169000', '116872.00000000'], ['0.08168000', '20454.00000000'], ['0.08167000', '12883.00000000'], ['0.08166000', '53391.00000000'], ['0.08165000', '23712.00000000'], ['0.08164000', '28664.00000000']], 'a': [['0.08184000', '330.00000000'], ['0.08185000', '0.00000000'], ['0.08186000', '0.00000000'], ['0.08187000', '0.00000000'], ['0.08188000', '3495.00000000'], ['0.08189000', '18572.00000000'], ['0.08190000', '32767.00000000'], ['0.08192000', '161.00000000'], ['0.08193000', '6600.00000000'], ['0.08195000', '18503.00000000'], ['0.08196000', '4020.00000000'], ['0.08198000', '0.00000000'], ['0.08199000', '13411.00000000'], ['0.08201000', '1100.00000000'], ['0.08202000', '16988.00000000'], ['0.08203000', '1700.00000000'], ['0.08204000', '77862.00000000']]}}
2022-04-07 12:55:27.604 | INFO     | __main__:get_depth_from_websocket:94 - {'stream': 'peopleusdt@depth', 'data': {'e': 'depthUpdate', 'E': 1649325320395, 's': 'PEOPLEUSDT', 'U': 358758611, 'u': 358758647, 'b': [['0.05710000', '1649345.40000000'], ['0.05700000', '2953613.50000000'], ['0.05690000', '1059169.50000000']], 'a': [['0.05720000', '135826.00000000'], ['0.05730000', '3159504.20000000'], ['0.05740000', '1296583.30000000']]}}
2022-04-07 12:55:27.645 | INFO     | __main__:get_depth_from_websocket:94 - {'stream': 'ftmusdt@depth', 'data': {'e': 'depthUpdate', 'E': 1649325320395, 's': 'FTMUSDT', 'U': 3224192195, 'u': 3224192226, 'b': [['1.33550000', '934.00000000'], ['1.33510000', '6437.00000000'], ['1.33480000', '11886.00000000'], ['1.33440000', '14282.00000000'], ['1.33430000', '20395.00000000'], ['1.33410000', '59350.00000000'], ['1.33220000', '24904.00000000'], ['1.33200000', '1623.00000000'], ['1.33180000', '772.00000000'], ['1.33170000', '6131.00000000'], ['1.33160000', '15369.00000000'], ['1.33150000', '14478.00000000'], ['1.33120000', '9545.00000000'], ['1.33110000', '0.00000000'], ['1.33100000', '3205.00000000'], ['1.33090000', '7593.00000000'], ['1.33080000', '1696.00000000'], ['1.33050000', '1520.00000000'], ['1.33040000', '740.00000000'], ['1.33030000', '2086.00000000'], ['1.33000000', '51235.00000000'], ['1.32980000', '1552.00000000'], ['1.32910000', '706.00000000'], ['1.31570000', '63.00000000'], ['1.30960000', '3895.00000000']], 'a': [['1.33790000', '1142.00000000'], ['1.33890000', '18409.00000000']]}}
2022-04-07 12:55:27.701 | INFO     | __main__:get_depth_from_websocket:94 - {'stream': 'filusdt@depth', 'data': {'e': 'depthUpdate', 'E': 1649325320395, 's': 'FILUSDT', 'U': 3770709698, 'u': 3770709725, 'b': [['22.05000000', '1564.94000000'], ['22.04000000', '1224.89000000'], ['22.03000000', '2332.81000000'], ['22.02000000', '3223.11000000'], ['22.00000000', '2095.99000000'], ['21.99000000', '1353.10000000'], ['21.97000000', '398.67000000'], ['21.96000000', '2733.85000000'], ['21.94000000', '405.94000000'], ['20.00000000', '37042.03000000']], 'a': [['22.07000000', '952.00000000'], ['22.08000000', '1329.47000000'], ['22.11000000', '1407.53000000'], ['22.20000000', '654.96000000']]}}
2022-04-07 12:55:27.724 | INFO     | __main__:get_depth_from_websocket:94 - {'stream': 'dogeusdt@depth', 'data': {'e': 'depthUpdate', 'E': 1649325320395, 's': 'DOGEUSDT', 'U': 4377468181, 'u': 4377468192, 'b': [['0.14630000', '875311.00000000'], ['0.14610000', '719422.00000000'], ['0.14600000', '1078862.00000000'], ['0.13400000', '252413.00000000']], 'a': [['0.14640000', '245795.00000000'], ['0.14660000', '1731326.00000000'], ['0.14750000', '135860.00000000'], ['0.14780000', '231640.00000000']]}}
2022-04-07 12:55:27.768 | INFO     | __main__:get_depth_from_websocket:94 - {'stream': 'dotusdt@depth', 'data': {'e': 'depthUpdate', 'E': 1649325320395, 's': 'DOTUSDT', 'U': 5286547072, 'u': 5286547188, 'b': [['20.13000000', '0.00000000'], ['20.12000000', '3492.24000000'], ['20.11000000', '4864.03000000'], ['20.10000000', '6416.03000000'], ['20.09000000', '6454.77000000'], ['20.07000000', '1735.83000000'], ['20.05000000', '2160.08000000'], ['20.04000000', '1873.32000000']], 'a': [['20.13000000', '1933.88000000'], ['20.14000000', '3092.70000000'], ['20.15000000', '4792.39000000'], ['20.16000000', '3673.46000000'], ['20.17000000', '2733.16000000'], ['20.20000000', '3534.81000000'], ['20.21000000', '14042.61000000'], ['20.22000000', '1485.74000000'], ['20.30000000', '453.07000000'], ['20.31000000', '70.14000000']]}}
2022-04-07 12:55:27.811 | INFO     | __main__:get_depth_from_websocket:94 - {'stream': 'atomusdt@depth', 'data': {'e': 'depthUpdate', 'E': 1649325320396, 's': 'ATOMUSDT', 'U': 2676941578, 'u': 2676941585, 'b': [['27.24000000', '607.84000000'], ['27.23000000', '1971.80000000']], 'a': [['27.26000000', '1085.69000000'], ['27.27000000', '615.68000000'], ['27.28000000', '1230.08000000'], ['27.29000000', '1434.93000000'], ['27.30000000', '1100.92000000']]}}
2022-04-07 12:55:27.819 | INFO     | __main__:get_depth_from_websocket:94 - {'stream': 'manausdt@depth', 'data': {'e': 'depthUpdate', 'E': 1649325320396, 's': 'MANAUSDT', 'U': 2455304190, 'u': 2455304204, 'b': [['2.38790000', '0.00000000'], ['2.38730000', '63.00000000'], ['2.38720000', '2168.00000000'], ['2.38660000', '188.00000000'], ['2.38500000', '7140.00000000'], ['2.38060000', '555.00000000']], 'a': [['2.38800000', '530.00000000'], ['2.38950000', '1474.00000000'], ['2.39000000', '2476.00000000'], ['2.39210000', '8268.00000000'], ['2.39290000', '1500.00000000'], ['2.39380000', '0.00000000'], ['2.49990000', '15497.00000000']]}}
2022-04-07 12:55:27.833 | INFO     | __main__:get_depth_from_websocket:94 - {'stream': 'avaxusdt@depth', 'data': {'e': 'depthUpdate', 'E': 1649325320396, 's': 'AVAXUSDT', 'U': 2757405046, 'u': 2757405067, 'b': [['84.58000000', '253.57000000'], ['84.56000000', '335.45000000'], ['84.44000000', '440.64000000'], ['84.41000000', '756.60000000'], ['84.31000000', '391.87000000'], ['84.30000000', '294.63000000'], ['84.28000000', '476.17000000'], ['84.26000000', '198.47000000'], ['84.20000000', '71.62000000'], ['83.44000000', '9.20000000'], ['83.23000000', '9.69000000'], ['82.09000000', '91.16000000']], 'a': [['84.59000000', '55.67000000'], ['84.61000000', '161.70000000'], ['84.85000000', '14.64000000'], ['84.87000000', '109.82000000'], ['84.98000000', '376.25000000']]}}
2022-04-07 12:55:27.858 | INFO     | __main__:get_depth_from_websocket:94 - {'stream': 'roseusdt@depth', 'data': {'e': 'depthUpdate', 'E': 1649325320396, 's': 'ROSEUSDT', 'U': 941203025, 'u': 941203131, 'b': [['0.25422000', '0.00000000'], ['0.25421000', '360.30000000'], ['0.25420000', '1300.00000000'], ['0.25419000', '0.00000000'], ['0.25418000', '933.80000000'], ['0.25417000', '2467.10000000'], ['0.25416000', '1200.00000000'], ['0.25413000', '5463.20000000'], ['0.25409000', '3582.30000000'], ['0.25407000', '0.00000000'], ['0.25397000', '355.30000000'], ['0.25394000', '0.00000000'], ['0.25390000', '7098.70000000'], ['0.25385000', '3117.90000000'], ['0.25384000', '54901.80000000'], ['0.25383000', '3986.80000000'], ['0.25379000', '3700.00000000'], ['0.25294000', '32204.50000000'], ['0.25272000', '42323.10000000'], ['0.25271000', '14021.50000000'], ['0.25270000', '6863.70000000'], ['0.25269000', '5353.90000000'], ['0.25267000', '4833.00000000'], ['0.25263000', '4046.90000000'], ['0.25262000', '4292.90000000'], ['0.25243000', '0.00000000']], 'a': [['0.25423000', '0.00000000'], ['0.25424000', '1200.00000000'], ['0.25425000', '5409.60000000'], ['0.25426000', '0.00000000'], ['0.25431000', '0.00000000'], ['0.25442000', '2270.10000000'], ['0.25443000', '3934.00000000'], ['0.25447000', '0.00000000']]}}
2022-04-07 12:55:27.890 | INFO     | __main__:get_depth_from_websocket:94 - {'stream': 'vetusdt@depth', 'data': {'e': 'depthUpdate', 'E': 1649325320396, 's': 'VETUSDT', 'U': 3491174191, 'u': 3491174214, 'b': [['0.06844000', '32085.10000000'], ['0.06843000', '67458.00000000'], ['0.06839000', '22800.00000000'], ['0.06817000', '12837.60000000']], 'a': [['0.06846000', '0.00000000'], ['0.06847000', '15592.80000000'], ['0.06848000', '11705.80000000'], ['0.06850000', '81679.10000000'], ['0.06852000', '93374.40000000'], ['0.06853000', '29583.20000000'], ['0.06854000', '29413.20000000'], ['0.06855000', '304145.00000000'], ['0.06859000', '564272.20000000'], ['0.06864000', '114358.00000000']]}}
2022-04-07 12:55:27.904 | INFO     | __main__:get_depth_from_websocket:94 - {'stream': 'linkusdt@depth', 'data': {'e': 'depthUpdate', 'E': 1649325320396, 's': 'LINKUSDT', 'U': 6345132546, 'u': 6345132555, 'b': [['15.55000000', '2517.21000000'], ['15.54000000', '9651.92000000'], ['15.51000000', '6484.49000000'], ['15.50000000', '903.34000000'], ['15.28000000', '167.80000000']], 'a': [['15.56000000', '1168.22000000'], ['15.58000000', '5437.69000000'], ['15.59000000', '7180.13000000']]}}
2022-04-07 12:55:27.935 | INFO     | __main__:get_depth_from_websocket:94 - {'stream': 'thetausdt@depth', 'data': {'e': 'depthUpdate', 'E': 1649325320396, 's': 'THETAUSDT', 'U': 3364467033, 'u': 3364467045, 'b': [['3.43300000', '201.00000000'], ['3.43000000', '2931.60000000'], ['3.42700000', '2576.40000000'], ['3.42200000', '4717.20000000'], ['3.41100000', '13182.00000000']], 'a': [['3.43500000', '196.40000000'], ['3.43700000', '2922.00000000'], ['3.43800000', '3702.20000000'], ['3.44100000', '8562.90000000'], ['3.44200000', '4653.30000000'], ['3.45900000', '1066.60000000']]}}
2022-04-07 12:55:27.946 | INFO     | __main__:get_depth_from_websocket:94 - {'stream': 'btcusdt@depth', 'data': {'e': 'depthUpdate', 'E': 1649325320396, 's': 'BTCUSDT', 'U': 18373251647, 'u': 18373251720, 'b': [['43375.25000000', '0.18566000'], ['43374.62000000', '0.00864000'], ['43374.56000000', '0.00000000'], ['43374.51000000', '0.75000000'], ['43374.48000000', '0.00000000'], ['43374.45000000', '0.00000000'], ['43374.41000000', '0.00000000'], ['43373.81000000', '0.02000000'], ['43371.01000000', '0.33475000'], ['43370.74000000', '0.22147000'], ['43369.31000000', '0.06000000'], ['43369.26000000', '0.00000000'], ['43368.49000000', '0.34581000'], ['43368.23000000', '0.02305000'], ['43367.19000000', '0.08497000'], ['43366.96000000', '0.23377000'], ['43365.95000000', '0.05000000'], ['43364.00000000', '0.04611000'], ['43363.89000000', '0.00000000'], ['43363.32000000', '0.00108000'], ['43359.98000000', '0.00000000'], ['43354.09000000', '4.99113000'], ['43353.08000000', '0.00000000'], ['43353.07000000', '0.58000000'], ['43353.05000000', '0.00000000'], ['43353.04000000', '0.03086000'], ['43321.24000000', '0.00000000'], ['43302.99000000', '1.15000000'], ['43291.29000000', '0.00000000'], ['43289.54000000', '0.13581000'], ['43195.20000000', '0.50000000'], ['42081.75000000', '0.00000000']], 'a': [['43375.26000000', '9.59543000'], ['43376.69000000', '0.00199000'], ['43377.14000000', '0.00000000'], ['43378.76000000', '0.29832000'], ['43395.33000000', '0.05000000'], ['43397.67000000', '0.00000000'], ['43411.25000000', '0.10500000'], ['43436.98000000', '0.01030000'], ['43441.27000000', '0.00919000'], ['43441.50000000', '0.00000000'], ['43456.25000000', '0.00000000'], ['43462.02000000', '0.02000000'], ['43503.90000000', '0.50000000'], ['43505.80000000', '0.00000000'], ['44154.40000000', '0.00000000']]}}
2022-04-07 12:55:28.003 | INFO     | __main__:get_depth_from_websocket:94 - {'stream': 'axsusdt@depth', 'data': {'e': 'depthUpdate', 'E': 1649325320396, 's': 'AXSUSDT', 'U': 2014775525, 'u': 2014775528, 'b': [['54.35000000', '298.14000000'], ['53.72000000', '109.93000000'], ['53.54000000', '1.31000000'], ['53.48000000', '190.85000000']], 'a': []}}
2022-04-07 12:55:28.008 | INFO     | __main__:get_depth_from_websocket:94 - {'stream': 'xrpusdt@depth', 'data': {'e': 'depthUpdate', 'E': 1649325320396, 's': 'XRPUSDT', 'U': 7867954479, 'u': 7867954494, 'b': [['0.77430000', '30368.00000000'], ['0.77420000', '28163.00000000'], ['0.77410000', '49476.00000000'], ['0.77350000', '103759.00000000'], ['0.77340000', '101129.00000000'], ['0.77320000', '30629.00000000'], ['0.77300000', '46488.00000000'], ['0.77210000', '9933.00000000'], ['0.77150000', '8877.00000000'], ['0.77080000', '232.00000000'], ['0.76720000', '195.00000000']], 'a': [['0.77440000', '19861.00000000'], ['0.77990000', '5806.00000000']]}}
2022-04-07 12:55:28.021 | INFO     | __main__:get_depth_from_websocket:94 - {'stream': 'enjusdt@depth', 'data': {'e': 'depthUpdate', 'E': 1649325320396, 's': 'ENJUSDT', 'U': 1693182088, 'u': 1693182195, 'b': [['1.66100000', '452.20000000'], ['1.66000000', '6357.50000000'], ['1.65900000', '21945.60000000'], ['1.65800000', '9874.70000000'], ['1.65700000', '12536.30000000'], ['1.65600000', '14951.90000000'], ['1.65500000', '29114.20000000'], ['1.64500000', '3168.50000000'], ['1.64400000', '11857.40000000'], ['1.64300000', '5298.90000000'], ['1.64200000', '4358.80000000'], ['1.63600000', '8461.00000000'], ['1.63400000', '3961.30000000'], ['1.56700000', '72.40000000']], 'a': [['1.66100000', '0.00000000'], ['1.66200000', '778.70000000'], ['1.66300000', '21673.50000000'], ['1.66400000', '4403.60000000'], ['1.66500000', '12836.70000000'], ['1.66600000', '19298.20000000'], ['1.66700000', '6732.60000000'], ['1.66800000', '3970.70000000'], ['1.67800000', '209.40000000'], ['1.67900000', '97.90000000'], ['1.68500000', '7478.90000000']]}}
2022-04-07 12:55:28.045 | INFO     | __main__:get_depth_from_websocket:94 - {'stream': 'nearusdt@depth', 'data': {'e': 'depthUpdate', 'E': 1649325320396, 's': 'NEARUSDT', 'U': 2219790640, 'u': 2219790707, 'b': [['15.24200000', '7.80000000'], ['15.24100000', '149.80000000'], ['15.24000000', '0.00000000'], ['15.23900000', '1.40000000'], ['15.23800000', '74.10000000'], ['15.23700000', '230.60000000'], ['15.23600000', '348.50000000'], ['15.23400000', '689.80000000'], ['15.23300000', '77.20000000'], ['15.22700000', '667.90000000'], ['15.21900000', '192.70000000'], ['15.21700000', '117.50000000'], ['15.21500000', '1243.00000000'], ['15.21400000', '459.10000000'], ['15.21300000', '1138.20000000'], ['15.21000000', '385.40000000'], ['15.20900000', '2965.90000000'], ['15.19200000', '3.00000000'], ['15.18200000', '1160.70000000']], 'a': [['15.24100000', '0.00000000'], ['15.24200000', '0.00000000'], ['15.24300000', '194.00000000'], ['15.24400000', '226.10000000'], ['15.24500000', '0.00000000'], ['15.24600000', '696.10000000'], ['15.24900000', '4680.50000000'], ['15.25200000', '499.40000000'], ['15.25400000', '262.80000000'], ['15.25600000', '806.60000000'], ['15.25800000', '634.70000000'], ['15.26000000', '1698.60000000'], ['15.26100000', '169.70000000'], ['15.26200000', '1107.70000000']]}}
2022-04-07 12:55:28.076 | DEBUG    | __main__:check_old_data:130 - (171, 'ADAUSDT', 1.069, 378943.1, '2022-04-07 12:28:33.910472', '2022-04-07 12:38:21.640930', 0) -0.00841908325537899)
2022-04-07 12:55:28.090 | INFO     | __main__:get_depth_from_websocket:94 - {'stream': 'algousdt@depth', 'data': {'e': 'depthUpdate', 'E': 1649325320396, 's': 'ALGOUSDT', 'U': 1985314589, 'u': 1985314597, 'b': [['0.78820000', '5875.00000000']], 'a': [['0.78870000', '5530.00000000'], ['0.79010000', '8013.00000000']]}}
2022-04-07 12:55:28.097 | INFO     | __main__:get_depth_from_websocket:94 - {'stream': 'sandusdt@depth', 'data': {'e': 'depthUpdate', 'E': 1649325320396, 's': 'SANDUSDT', 'U': 3120618065, 'u': 3120618084, 'b': [['3.01970000', '85.00000000'], ['3.01960000', '3565.00000000'], ['3.01820000', '503.00000000'], ['3.01080000', '67.00000000'], ['3.00980000', '0.00000000'], ['3.00940000', '492.00000000'], ['3.00930000', '8.00000000'], ['3.00830000', '2013.00000000'], ['3.00820000', '1151.00000000'], ['3.00790000', '792.00000000'], ['3.00780000', '0.00000000'], ['2.99680000', '52.00000000'], ['2.50000000', '115041.00000000']], 'a': [['3.02200000', '229.00000000'], ['3.02260000', '841.00000000'], ['3.02280000', '349.00000000'], ['3.02300000', '1655.00000000']]}}
2022-04-07 12:55:28.121 | INFO     | __main__:get_depth_from_websocket:94 - {'stream': 'eosusdt@depth', 'data': {'e': 'depthUpdate', 'E': 1649325320396, 's': 'EOSUSDT', 'U': 5718984109, 'u': 5718984130, 'b': [['2.48200000', '5384.00000000'], ['2.48100000', '18385.70000000'], ['2.48000000', '20302.50000000'], ['2.47900000', '13770.60000000']], 'a': [['2.48400000', '5832.90000000'], ['2.48500000', '7017.50000000'], ['2.48600000', '12097.10000000'], ['2.48700000', '10182.30000000'], ['2.48900000', '7221.80000000']]}}
2022-04-07 12:55:28.131 | INFO     | __main__:get_depth_from_websocket:94 - {'stream': 'adausdt@depth', 'data': {'e': 'depthUpdate', 'E': 1649325320396, 's': 'ADAUSDT', 'U': 5681078486, 'u': 5681078508, 'b': [['1.07700000', '41013.40000000'], ['1.07600000', '326721.30000000'], ['1.07500000', '206161.90000000'], ['1.07400000', '109197.20000000'], ['1.07300000', '80099.30000000'], ['0.86100000', '34315.60000000']], 'a': [['1.07800000', '129783.30000000'], ['1.07900000', '249374.10000000'], ['1.08000000', '211438.90000000'], ['1.08100000', '276884.20000000']]}}
2022-04-07 12:55:28.198 | INFO     | __main__:get_depth_from_websocket:94 - {'stream': 'sushiusdt@depth', 'data': {'e': 'depthUpdate', 'E': 1649325320396, 's': 'SUSHIUSDT', 'U': 1885818358, 'u': 1885818372, 'b': [['3.59900000', '603.40000000'], ['3.59600000', '2694.90000000'], ['3.59300000', '990.80000000'], ['3.59100000', '3329.70000000'], ['3.58700000', '4508.90000000'], ['3.58400000', '20.80000000']], 'a': [['3.60200000', '367.20000000'], ['3.60600000', '1459.40000000'], ['3.60700000', '1139.70000000'], ['3.62100000', '0.00000000'], ['3.62600000', '12277.80000000'], ['3.63400000', '845.10000000'], ['3.66700000', '1948.30000000']]}}
2022-04-07 12:55:28.212 | INFO     | __main__:get_depth_from_websocket:94 - {'stream': 'hntusdt@depth', 'data': {'e': 'depthUpdate', 'E': 1649325320396, 's': 'HNTUSDT', 'U': 544145202, 'u': 544145212, 'b': [['22.52000000', '15.20000000']], 'a': [['22.60000000', '36.26000000'], ['22.61000000', '403.86000000'], ['22.76000000', '7.41000000'], ['22.80000000', '374.94000000'], ['22.85000000', '310.16000000'], ['22.87000000', '22.49000000'], ['22.88000000', '460.10000000']]}}
2022-04-07 12:55:28.222 | INFO     | __main__:get_depth_from_websocket:94 - {'stream': 'lrcusdt@depth', 'data': {'e': 'depthUpdate', 'E': 1649325320396, 's': 'LRCUSDT', 'U': 1580552497, 'u': 1580552513, 'b': [['1.00630000', '0.00000000'], ['1.00620000', '56.00000000'], ['1.00410000', '6531.00000000'], ['1.00230000', '1057.00000000'], ['1.00210000', '1047.00000000'], ['1.00160000', '4381.00000000'], ['0.99430000', '2245.00000000']], 'a': [['1.00650000', '520.00000000'], ['1.00660000', '1619.00000000'], ['1.00680000', '1037.00000000'], ['1.00690000', '1002.00000000'], ['1.00700000', '1559.00000000'], ['1.00850000', '16658.00000000']]}}
2022-04-07 12:55:28.236 | INFO     | __main__:get_depth_from_websocket:94 - {'stream': 'maticusdt@depth', 'data': {'e': 'depthUpdate', 'E': 1649325320396, 's': 'MATICUSDT', 'U': 3228210372, 'u': 3228210380, 'b': [['1.48600000', '19185.40000000'], ['1.48200000', '111409.50000000'], ['1.47800000', '53240.50000000'], ['1.47700000', '10558.60000000']], 'a': [['1.48700000', '40084.60000000'], ['1.49700000', '29108.60000000']]}}
2022-04-07 12:55:28.249 | DEBUG    | __main__:check_old_data:130 - (172, 'ADAUSDT', 1.068, 194297.4, '2022-04-07 12:24:36.105621', '2022-04-07 12:29:41.237777', 0) -0.009363295880149725)
2022-04-07 12:55:28.252 | INFO     | __main__:get_depth_from_websocket:94 - {'stream': 'xtzusdt@depth', 'data': {'e': 'depthUpdate', 'E': 1649325320397, 's': 'XTZUSDT', 'U': 2204614225, 'u': 2204614235, 'b': [['3.34100000', '19.50000000'], ['3.33700000', '6981.90000000'], ['3.33600000', '2322.40000000'], ['3.32600000', '2693.40000000'], ['3.32200000', '2918.10000000']], 'a': [['3.34200000', '118.40000000'], ['3.34400000', '2630.80000000'], ['3.34600000', '3791.00000000'], ['3.34700000', '588.50000000'], ['3.34800000', '6551.80000000'], ['3.35000000', '264.60000000']]}}
2022-04-07 12:55:28.275 | INFO     | __main__:get_depth_from_websocket:94 - {'stream': 'algousdt@depth', 'data': {'e': 'depthUpdate', 'E': 1649325321395, 's': 'ALGOUSDT', 'U': 1985314598, 'u': 1985314601, 'b': [['0.78820000', '6370.00000000']], 'a': [['0.78870000', '5309.00000000']]}}
2022-04-07 12:55:28.279 | INFO     | __main__:get_depth_from_websocket:94 - {'stream': 'lrcusdt@depth', 'data': {'e': 'depthUpdate', 'E': 1649325321395, 's': 'LRCUSDT', 'U': 1580552514, 'u': 1580552530, 'b': [['1.00620000', '132.00000000'], ['1.00610000', '5379.00000000'], ['1.00380000', '4655.00000000'], ['1.00370000', '16375.00000000'], ['1.00090000', '1270.00000000']], 'a': [['1.00650000', '905.00000000'], ['1.00660000', '1645.00000000'], ['1.00680000', '4217.00000000'], ['1.00700000', '1559.00000000'], ['1.00710000', '0.00000000']]}}
2022-04-07 12:55:28.289 | ERROR    | db_requests:delete_sqlite_record:291 - Ошибка при работе с SQLite
2022-04-07 12:55:28.293 | INFO     | __main__:get_depth_from_websocket:94 - {'stream': 'manausdt@depth', 'data': {'e': 'depthUpdate', 'E': 1649325321395, 's': 'MANAUSDT', 'U': 2455304205, 'u': 2455304219, 'b': [['2.38790000', '141.00000000'], ['2.38310000', '2976.00000000'], ['2.38300000', '260.00000000'], ['2.38260000', '0.00000000'], ['2.38070000', '274.00000000'], ['2.36890000', '374.00000000'], ['2.36080000', '958.00000000']], 'a': [['2.38890000', '1068.00000000'], ['2.38910000', '345.00000000'], ['2.38930000', '95.00000000'], ['2.38940000', '173.00000000'], ['2.39170000', '6185.00000000'], ['2.40750000', '0.00000000']]}}
2022-04-07 12:55:28.307 | INFO     | __main__:get_depth_from_websocket:94 - {'stream': 'thetausdt@depth', 'data': {'e': 'depthUpdate', 'E': 1649325321395, 's': 'THETAUSDT', 'U': 3364467046, 'u': 3364467053, 'b': [['3.43200000', '2275.50000000'], ['3.43100000', '3916.30000000'], ['3.42600000', '9849.60000000'], ['3.38300000', '775.30000000']], 'a': [['3.43500000', '394.10000000'], ['3.43800000', '4864.00000000'], ['3.44100000', '10703.20000000']]}}
2022-04-07 12:55:28.316 | INFO     | __main__:get_depth_from_websocket:94 - {'stream': 'galausdt@depth', 'data': {'e': 'depthUpdate', 'E': 1649325321395, 's': 'GALAUSDT', 'U': 2060946575, 'u': 2060946604, 'b': [['0.22454000', '8283.00000000'], ['0.22416000', '1276.00000000'], ['0.22371000', '4383.00000000'], ['0.22368000', '6710.00000000'], ['0.22365000', '10524.00000000'], ['0.22149000', '2483.00000000']], 'a': [['0.22461000', '6781.00000000'], ['0.22462000', '3569.00000000'], ['0.22463000', '10000.00000000'], ['0.22465000', '0.00000000'], ['0.22470000', '48052.00000000'], ['0.22472000', '0.00000000'], ['0.22474000', '43161.00000000'], ['0.22501000', '5263.00000000'], ['0.22514000', '7871.00000000'], ['0.22540000', '39311.00000000']]}}
2022-04-07 12:55:28.333 | INFO     | __main__:get_depth_from_websocket:94 - {'stream': 'avaxusdt@depth', 'data': {'e': 'depthUpdate', 'E': 1649325321395, 's': 'AVAXUSDT', 'U': 2757405068, 'u': 2757405133, 'b': [['84.58000000', '0.00000000'], ['84.57000000', '211.84000000'], ['84.56000000', '337.20000000'], ['84.55000000', '88.64000000'], ['84.54000000', '69.29000000'], ['84.53000000', '570.14000000'], ['84.52000000', '125.27000000'], ['84.51000000', '427.67000000'], ['84.50000000', '75.77000000'], ['84.48000000', '1112.27000000'], ['84.47000000', '1276.22000000'], ['84.41000000', '188.15000000'], ['84.35000000', '160.75000000'], ['84.33000000', '125.82000000'], ['84.32000000', '85.27000000'], ['84.31000000', '360.15000000'], ['84.30000000', '278.29000000'], ['84.28000000', '504.28000000'], ['84.27000000', '408.69000000'], ['84.25000000', '118.03000000'], ['84.21000000', '1611.24000000'], ['83.14000000', '1.77000000'], ['83.10000000', '37.71000000'], ['83.03000000', '4.46000000'], ['82.09000000', '98.35000000']], 'a': [['84.58000000', '36.87000000'], ['84.59000000', '55.06000000'], ['84.61000000', '208.96000000'], ['84.63000000', '138.21000000'], ['84.65000000', '94.12000000'], ['84.67000000', '536.37000000'], ['84.68000000', '823.67000000'], ['84.71000000', '587.98000000']]}}
2022-04-07 12:55:28.378 | INFO     | __main__:get_depth_from_websocket:94 - {'stream': 'dydxusdt@depth', 'data': {'e': 'depthUpdate', 'E': 1649325321395, 's': 'DYDXUSDT', 'U': 837499773, 'u': 837499774, 'b': [['5.57500000', '2351.25000000']], 'a': [['5.69700000', '0.00000000']]}}
2022-04-07 12:55:28.382 | INFO     | __main__:get_depth_from_websocket:94 - {'stream': 'enjusdt@depth', 'data': {'e': 'depthUpdate', 'E': 1649325321396, 's': 'ENJUSDT', 'U': 1693182196, 'u': 1693182263, 'b': [['1.66200000', '1311.50000000'], ['1.66100000', '3441.40000000'], ['1.66000000', '8181.50000000'], ['1.65900000', '22152.70000000'], ['1.65800000', '12753.50000000'], ['1.65700000', '12117.10000000'], ['1.65600000', '14053.40000000'], ['1.65500000', '28534.20000000'], ['1.64000000', '14181.40000000']], 'a': [['1.66200000', '0.00000000'], ['1.66300000', '840.90000000'], ['1.66400000', '3590.20000000'], ['1.66500000', '11240.70000000'], ['1.66600000', '19513.80000000']]}}
2022-04-07 12:55:28.397 | INFO     | __main__:get_depth_from_websocket:94 - {'stream': 'iotxusdt@depth', 'data': {'e': 'depthUpdate', 'E': 1649325321396, 's': 'IOTXUSDT', 'U': 971618579, 'u': 971618589, 'b': [['0.08182000', '4307.00000000'], ['0.08179000', '0.00000000'], ['0.08177000', '1075.00000000'], ['0.08168000', '367233.00000000']], 'a': [['0.08185000', '242.00000000'], ['0.08189000', '18330.00000000'], ['0.08193000', '0.00000000']]}}
2022-04-07 12:55:28.405 | INFO     | __main__:get_depth_from_websocket:94 - {'stream': 'nearusdt@depth', 'data': {'e': 'depthUpdate', 'E': 1649325321396, 's': 'NEARUSDT', 'U': 2219790708, 'u': 2219790733, 'b': [['15.24200000', '27.10000000'], ['15.23600000', '563.30000000'], ['15.23500000', '229.20000000'], ['15.22200000', '58.20000000'], ['15.21600000', '2635.90000000'], ['15.21200000', '5108.80000000'], ['15.20500000', '768.80000000'], ['15.20300000', '919.00000000'], ['15.19300000', '1765.90000000'], ['15.11200000', '58.50000000'], ['15.11100000', '481.00000000'], ['15.01200000', '16.90000000']], 'a': [['15.24300000', '119.40000000'], ['15.24500000', '200.00000000'], ['15.24600000', '696.80000000'], ['15.25000000', '139.80000000'], ['15.25200000', '448.90000000'], ['15.26700000', '500.00000000'], ['15.39100000', '2.90000000']]}}
2022-04-07 12:55:28.423 | INFO     | __main__:get_depth_from_websocket:94 - {'stream': 'maticusdt@depth', 'data': {'e': 'depthUpdate', 'E': 1649325321396, 's': 'MATICUSDT', 'U': 3228210381, 'u': 3228210385, 'b': [['1.48500000', '74074.30000000'], ['1.43000000', '33787.90000000']], 'a': [['1.48800000', '79498.50000000'], ['1.48900000', '82059.40000000']]}}
2022-04-07 12:55:28.448 | INFO     | __main__:get_depth_from_websocket:94 - {'stream': 'axsusdt@depth', 'data': {'e': 'depthUpdate', 'E': 1649325321396, 's': 'AXSUSDT', 'U': 2014775529, 'u': 2014775551, 'b': [['54.34000000', '22.73000000'], ['54.33000000', '126.57000000'], ['54.31000000', '218.65000000'], ['54.27000000', '15.16000000'], ['54.23000000', '111.19000000'], ['54.21000000', '294.60000000'], ['54.18000000', '411.53000000'], ['54.16000000', '0.00000000'], ['54.15000000', '14.24000000'], ['54.14000000', '0.00000000'], ['54.13000000', '62.69000000'], ['54.12000000', '53.41000000'], ['54.11000000', '87.03000000'], ['54.10000000', '101.20000000'], ['52.66000000', '6.70000000'], ['52.61000000', '1.44000000']], 'a': [['54.45000000', '621.02000000']]}}
2022-04-07 12:55:28.466 | INFO     | __main__:get_depth_from_websocket:94 - {'stream': 'roseusdt@depth', 'data': {'e': 'depthUpdate', 'E': 1649325321396, 's': 'ROSEUSDT', 'U': 941203132, 'u': 941203186, 'b': [['0.25424000', '151.50000000'], ['0.25423000', '5274.80000000'], ['0.25422000', '0.00000000'], ['0.25421000', '2892.30000000'], ['0.25418000', '0.00000000'], ['0.25417000', '5119.50000000'], ['0.25415000', '3947.90000000'], ['0.25409000', '3051.50000000'], ['0.25403000', '4344.20000000'], ['0.25401000', '0.00000000'], ['0.25399000', '5169.60000000'], ['0.25398000', '8229.30000000'], ['0.25397000', '0.00000000'], ['0.25393000', '0.00000000'], ['0.25388000', '17829.10000000'], ['0.25385000', '3117.90000000'], ['0.25384000', '54901.80000000'], ['0.25272000', '37499.10000000'], ['0.25271000', '9134.60000000'], ['0.25270000', '1890.80000000'], ['0.25214000', '0.00000000'], ['0.25107000', '34751.70000000'], ['0.25097000', '173.60000000']], 'a': [['0.25424000', '0.00000000'], ['0.25425000', '0.00000000'], ['0.25427000', '1403.70000000'], ['0.25429000', '5421.90000000'], ['0.25432000', '0.00000000'], ['0.25441000', '1498.90000000'], ['0.25442000', '0.00000000'], ['0.25443000', '0.00000000']]}}
2022-04-07 12:55:28.467 | DEBUG    | __main__:check_old_data:130 - (198, 'MATICUSDT', 1.499, 154015.4, '2022-04-07 12:24:50.016514', '2022-04-07 12:38:22.190430', 0) 0.006671114076050699)
2022-04-07 12:55:28.539 | INFO     | __main__:get_depth_from_websocket:94 - {'stream': 'filusdt@depth', 'data': {'e': 'depthUpdate', 'E': 1649325321396, 's': 'FILUSDT', 'U': 3770709726, 'u': 3770709732, 'b': [['22.00000000', '2063.71000000'], ['21.98000000', '511.22000000']], 'a': [['22.07000000', '1203.58000000'], ['22.08000000', '1111.69000000'], ['22.20000000', '654.96000000']]}}
2022-04-07 12:55:28.550 | INFO     | __main__:get_depth_from_websocket:94 - {'stream': 'linkusdt@depth', 'data': {'e': 'depthUpdate', 'E': 1649325321396, 's': 'LINKUSDT', 'U': 6345132556, 'u': 6345132560, 'b': [['15.55000000', '2531.49000000'], ['15.52000000', '5237.18000000'], ['15.51000000', '6506.49000000']], 'a': [['15.56000000', '1584.05000000']]}}
2022-04-07 12:55:28.578 | INFO     | __main__:get_depth_from_websocket:94 - {'stream': 'peopleusdt@depth', 'data': {'e': 'depthUpdate', 'E': 1649325321396, 's': 'PEOPLEUSDT', 'U': 358758648, 'u': 358758653, 'b': [['0.05700000', '2915680.00000000'], ['0.05690000', '1077770.40000000'], ['0.05540000', '29151.40000000'], ['0.05530000', '21626.30000000']], 'a': [['0.05730000', '2975313.30000000'], ['0.05740000', '1143477.50000000']]}}
2022-04-07 12:55:28.600 | INFO     | __main__:get_depth_from_websocket:94 - {'stream': 'aliceusdt@depth', 'data': {'e': 'depthUpdate', 'E': 1649325321396, 's': 'ALICEUSDT', 'U': 1245894768, 'u': 1245894775, 'b': [['6.91000000', '13493.94000000'], ['6.89000000', '4489.89000000']], 'a': [['6.92000000', '550.98000000'], ['6.94000000', '9682.03000000'], ['6.95000000', '6013.52000000']]}}
2022-04-07 12:55:28.606 | INFO     | __main__:get_depth_from_websocket:94 - {'stream': 'sandusdt@depth', 'data': {'e': 'depthUpdate', 'E': 1649325321396, 's': 'SANDUSDT', 'U': 3120618085, 'u': 3120618138, 'b': [['3.02100000', '460.00000000'], ['3.02010000', '837.00000000'], ['3.01990000', '1655.00000000'], ['3.01970000', '0.00000000'], ['3.01960000', '1910.00000000'], ['3.01840000', '3398.00000000'], ['3.01800000', '331.00000000'], ['3.01760000', '2170.00000000'], ['3.01250000', '0.00000000'], ['3.01100000', '327.00000000'], ['3.01090000', '0.00000000'], ['3.00930000', '428.00000000'], ['3.00900000', '0.00000000'], ['3.00890000', '429.00000000'], ['3.00860000', '1940.00000000'], ['3.00850000', '837.00000000'], ['3.00800000', '1309.00000000']], 'a': [['3.02110000', '159.00000000'], ['3.02120000', '0.00000000'], ['3.02130000', '205.00000000'], ['3.02170000', '4494.00000000'], ['3.02180000', '0.00000000'], ['3.02190000', '0.00000000'], ['3.02200000', '0.00000000'], ['3.02210000', '0.00000000'], ['3.02220000', '249.00000000'], ['3.02230000', '69.00000000'], ['3.02280000', '199.00000000'], ['3.02300000', '0.00000000'], ['3.02340000', '0.00000000'], ['3.02350000', '724.00000000'], ['3.02370000', '4655.00000000'], ['3.02550000', '1984.00000000'], ['3.02670000', '3310.00000000']]}}
2022-04-07 12:55:28.641 | INFO     | __main__:get_depth_from_websocket:94 - {'stream': 'eosusdt@depth', 'data': {'e': 'depthUpdate', 'E': 1649325321396, 's': 'EOSUSDT', 'U': 5718984131, 'u': 5718984147, 'b': [['2.48200000', '5384.00000000'], ['2.48100000', '18385.70000000'], ['2.47700000', '10570.00000000'], ['2.28800000', '415.00000000']], 'a': [['2.48400000', '6440.80000000'], ['2.48500000', '7283.00000000'], ['2.48900000', '7221.80000000'], ['2.49000000', '6054.30000000'], ['2.50300000', '0.00000000'], ['2.98100000', '20.00000000']]}}
2022-04-07 12:55:28.652 | INFO     | __main__:get_depth_from_websocket:94 - {'stream': 'adausdt@depth', 'data': {'e': 'depthUpdate', 'E': 1649325321396, 's': 'ADAUSDT', 'U': 5681078509, 'u': 5681078518, 'b': [['1.07700000', '43862.10000000'], ['1.07600000', '326721.20000000'], ['0.86100000', '34303.60000000']], 'a': [['1.07800000', '128391.80000000'], ['1.07900000', '250764.30000000'], ['1.08000000', '211138.90000000'], ['1.08100000', '277184.20000000']]}}
2022-04-07 12:55:28.691 | INFO     | __main__:get_depth_from_websocket:94 - {'stream': 'sushiusdt@depth', 'data': {'e': 'depthUpdate', 'E': 1649325321396, 's': 'SUSHIUSDT', 'U': 1885818373, 'u': 1885818384, 'b': [['3.60000000', '458.00000000'], ['3.59700000', '849.60000000'], ['3.59600000', '2694.90000000'], ['3.58300000', '143.00000000']], 'a': [['3.60700000', '1469.70000000'], ['3.60800000', '396.00000000'], ['3.60900000', '104.80000000'], ['3.62600000', '8925.20000000'], ['3.63400000', '4197.70000000']]}}
2022-04-07 12:55:28.702 | INFO     | __main__:get_depth_from_websocket:94 - {'stream': 'btcusdt@depth', 'data': {'e': 'depthUpdate', 'E': 1649325321396, 's': 'BTCUSDT', 'U': 18373251721, 'u': 18373251843, 'b': [['43375.25000000', '0.16566000'], ['43374.79000000', '0.00000000'], ['43374.69000000', '0.00000000'], ['43374.68000000', '0.00000000'], ['43374.66000000', '0.00000000'], ['43374.62000000', '0.00000000'], ['43374.52000000', '0.01967000'], ['43374.51000000', '0.00000000'], ['43373.81000000', '0.00000000'], ['43373.76000000', '0.00000000'], ['43373.75000000', '0.08000000'], ['43373.32000000', '0.10932000'], ['43372.34000000', '0.24906000'], ['43372.33000000', '0.75000000'], ['43372.31000000', '0.08000000'], ['43372.26000000', '0.00000000'], ['43371.20000000', '1.33482000'], ['43371.13000000', '0.34577000'], ['43371.11000000', '0.00000000'], ['43371.05000000', '0.00000000'], ['43371.01000000', '0.21948000'], ['43370.47000000', '0.32613000'], ['43369.59000000', '0.88100000'], ['43369.41000000', '1.76944000'], ['43369.40000000', '0.00000000'], ['43369.37000000', '0.00000000'], ['43369.35000000', '0.74900000'], ['43368.85000000', '0.32703000'], ['43368.48000000', '0.01829000'], ['43368.15000000', '0.74700000'], ['43368.10000000', '0.00000000'], ['43367.79000000', '0.99999000'], ['43367.52000000', '0.00000000'], ['43366.96000000', '0.22276000'], ['43366.07000000', '0.00000000'], ['43365.95000000', '0.00000000'], ['43364.00000000', '0.00000000'], ['43363.50000000', '0.00000000'], ['43363.32000000', '0.04719000'], ['43362.52000000', '0.05000000'], ['43359.88000000', '0.00000000'], ['43357.82000000', '0.00000000'], ['43353.07000000', '0.00000000'], ['43352.90000000', '0.58000000'], ['43352.70000000', '2.32750000'], ['43346.78000000', '0.00000000'], ['43337.56000000', '2.77510000'], ['43323.20000000', '0.70073000'], ['43320.89000000', '0.00000000'], ['43320.86000000', '1.08444000'], ['43316.69000000', '0.00000000'], ['43294.39000000', '0.00000000'], ['43195.20000000', '0.00000000'], ['42081.75000000', '0.00000000']], 'a': [['43375.26000000', '11.50581000'], ['43376.69000000', '0.01557000'], ['43377.27000000', '0.11528000'], ['43377.38000000', '0.10799000'], ['43377.71000000', '0.12378000'], ['43378.17000000', '0.11764000'], ['43378.76000000', '0.18305000'], ['43379.36000000', '0.23055000'], ['43379.41000000', '0.00000000'], ['43386.12000000', '0.06000000'], ['43386.68000000', '0.06000000'], ['43388.91000000', '0.28000000'], ['43389.34000000', '0.06000000'], ['43390.41000000', '0.00000000'], ['43390.77000000', '0.27000000'], ['43390.84000000', '0.10000000'], ['43391.62000000', '0.00000000'], ['43392.27000000', '0.05000000'], ['43392.36000000', '0.00000000'], ['43392.67000000', '0.00000000'], ['43392.85000000', '0.00000000'], ['43395.09000000', '0.00000000'], ['43395.33000000', '0.00000000'], ['43396.65000000', '0.00000000'], ['43398.39000000', '0.00000000'], ['43402.14000000', '0.00000000'], ['43408.19000000', '0.58000000'], ['43410.76000000', '0.00000000'], ['43420.79000000', '0.70073000'], ['43426.57000000', '0.00000000'], ['43441.76000000', '0.00000000'], ['43452.21000000', '1.15000000'], ['43473.13000000', '0.00000000'], ['43542.03000000', '0.00031000'], ['43542.05000000', '0.10392000']]}}
2022-04-07 12:55:28.803 | INFO     | __main__:get_depth_from_websocket:94 - {'stream': 'hotusdt@depth', 'data': {'e': 'depthUpdate', 'E': 1649325321396, 's': 'HOTUSDT', 'U': 1059593673, 'u': 1059593675, 'b': [['0.00575900', '454478.00000000']], 'a': [['0.00576900', '705282.00000000'], ['0.00577300', '3007408.00000000']]}}
2022-04-07 12:55:28.808 | INFO     | __main__:get_depth_from_websocket:94 - {'stream': 'xrpusdt@depth', 'data': {'e': 'depthUpdate', 'E': 1649325321396, 's': 'XRPUSDT', 'U': 7867954495, 'u': 7867954509, 'b': [['0.77430000', '30368.00000000'], ['0.77180000', '3853.00000000']], 'a': [['0.77440000', '20793.00000000'], ['0.77450000', '12754.00000000'], ['0.77670000', '10242.00000000'], ['0.77690000', '5120.00000000'], ['0.77840000', '10779.00000000'], ['0.82810000', '633.00000000']]}}
2022-04-07 12:55:28.817 | INFO     | __main__:get_depth_from_websocket:94 - {'stream': 'hntusdt@depth', 'data': {'e': 'depthUpdate', 'E': 1649325321396, 's': 'HNTUSDT', 'U': 544145213, 'u': 544145216, 'b': [['22.50000000', '359.93000000'], ['22.46000000', '665.78000000']], 'a': [['22.58000000', '303.25000000'], ['22.59000000', '542.42000000']]}}
2022-04-07 12:55:28.824 | DEBUG    | __main__:check_old_data:130 - (268, 'LINKUSDT', 15.68, 11528.72, '2022-04-07 12:29:12.663488', '2022-04-07 12:38:30.183100', 0) 0.007015306122448939)
2022-04-07 12:55:28.824 | INFO     | __main__:get_depth_from_websocket:94 - {'stream': 'ftmusdt@depth', 'data': {'e': 'depthUpdate', 'E': 1649325321396, 's': 'FTMUSDT', 'U': 3224192227, 'u': 3224192239, 'b': [['1.33550000', '899.00000000'], ['1.33340000', '36363.00000000'], ['1.33160000', '14624.00000000'], ['1.33120000', '9561.00000000'], ['1.33110000', '148.00000000'], ['1.33070000', '5480.00000000'], ['1.33020000', '7430.00000000'], ['1.33000000', '50495.00000000'], ['1.32990000', '2106.00000000'], ['1.19000000', '24332.00000000']], 'a': [['1.33700000', '8538.00000000']]}}
2022-04-07 12:55:28.853 | INFO     | __main__:get_depth_from_websocket:94 - {'stream': 'atomusdt@depth', 'data': {'e': 'depthUpdate', 'E': 1649325321396, 's': 'ATOMUSDT', 'U': 2676941586, 'u': 2676941616, 'b': [['27.25000000', '0.00000000'], ['27.24000000', '692.31000000'], ['27.22000000', '2014.88000000']], 'a': [['27.25000000', '168.40000000'], ['27.26000000', '784.99000000'], ['27.29000000', '1434.34000000'], ['27.31000000', '2641.42000000'], ['27.32000000', '1342.97000000']]}}
2022-04-07 12:55:28.879 | INFO     | __main__:get_depth_from_websocket:94 - {'stream': 'dotusdt@depth', 'data': {'e': 'depthUpdate', 'E': 1649325321397, 's': 'DOTUSDT', 'U': 5286547189, 'u': 5286547195, 'b': [['20.12000000', '3478.11000000'], ['20.11000000', '4868.40000000']], 'a': [['20.14000000', '3087.92000000'], ['20.16000000', '4053.46000000'], ['20.17000000', '2353.16000000']]}}
2022-04-07 12:55:28.886 | INFO     | __main__:get_depth_from_websocket:94 - {'stream': 'vetusdt@depth', 'data': {'e': 'depthUpdate', 'E': 1649325321397, 's': 'VETUSDT', 'U': 3491174215, 'u': 3491174278, 'b': [['0.06846000', '0.00000000'], ['0.06845000', '24277.10000000'], ['0.06844000', '26280.70000000'], ['0.06842000', '43579.40000000'], ['0.06841000', '73320.30000000'], ['0.06833000', '253098.30000000'], ['0.06831000', '57771.60000000'], ['0.06830000', '528141.30000000'], ['0.06826000', '107382.60000000'], ['0.06817000', '20164.30000000']], 'a': [['0.06847000', '6592.80000000'], ['0.06848000', '4106.30000000'], ['0.06849000', '163076.10000000'], ['0.06850000', '70416.50000000'], ['0.06851000', '95467.50000000'], ['0.06852000', '101674.60000000'], ['0.06853000', '29583.20000000'], ['0.06854000', '46223.40000000'], ['0.06855000', '180106.90000000'], ['0.06859000', '515799.80000000']]}}
2022-04-07 12:55:28.906 | INFO     | __main__:get_depth_from_websocket:94 - {'stream': 'dogeusdt@depth', 'data': {'e': 'depthUpdate', 'E': 1649325321397, 's': 'DOGEUSDT', 'U': 4377468193, 'u': 4377468214, 'b': [['0.14630000', '838469.00000000'], ['0.14620000', '1305537.00000000'], ['0.14600000', '1080490.00000000'], ['0.14590000', '945374.00000000'], ['0.14400000', '104720.00000000']], 'a': [['0.14640000', '245727.00000000'], ['0.14650000', '1530777.00000000'], ['0.14660000', '1770140.00000000'], ['0.14670000', '1923893.00000000'], ['0.14790000', '422776.00000000']]}}
2022-04-07 12:55:28.963 | INFO     | __main__:get_depth_from_websocket:94 - {'stream': 'xtzusdt@depth', 'data': {'e': 'depthUpdate', 'E': 1649325321397, 's': 'XTZUSDT', 'U': 2204614236, 'u': 2204614240, 'b': [['3.33700000', '8326.80000000'], ['3.33600000', '2342.10000000'], ['3.33500000', '921.80000000']], 'a': [['3.34700000', '608.30000000'], ['3.56200000', '47.40000000']]}}
2022-04-07 12:55:28.971 | INFO     | __main__:get_depth_from_websocket:94 - {'stream': 'oneusdt@depth', 'data': {'e': 'depthUpdate', 'E': 1649325321397, 's': 'ONEUSDT', 'U': 1686394754, 'u': 1686394776, 'b': [['0.13788000', '3275.00000000'], ['0.13786000', '0.00000000'], ['0.13783000', '736.00000000'], ['0.13780000', '133221.50000000'], ['0.13739000', '0.00000000']], 'a': [['0.13789000', '2767.00000000'], ['0.13790000', '0.00000000'], ['0.13794000', '3672.20000000'], ['0.13795000', '6922.90000000'], ['0.13799000', '0.00000000'], ['0.13802000', '34703.20000000'], ['0.13803000', '8556.90000000'], ['0.13815000', '9433.10000000'], ['0.13853000', '2725.50000000'], ['0.13856000', '72399.20000000'], ['0.13871000', '6400.00000000'], ['0.13875000', '7360.70000000'], ['0.13878000', '0.00000000'], ['0.18000000', '1562956.80000000']]}}
2022-04-07 12:55:28.997 | INFO     | __main__:get_depth_from_websocket:94 - {'stream': 'dogeusdt@depth', 'data': {'e': 'depthUpdate', 'E': 1649325322395, 's': 'DOGEUSDT', 'U': 4377468215, 'u': 4377468252, 'b': [['0.14630000', '854199.00000000'], ['0.14620000', '1084950.00000000'], ['0.14610000', '940009.00000000'], ['0.14600000', '1079436.00000000'], ['0.14590000', '944691.00000000'], ['0.14580000', '2306705.00000000'], ['0.14570000', '415202.00000000'], ['0.14550000', '217979.00000000'], ['0.14530000', '1766265.00000000'], ['0.14370000', '51431.00000000'], ['0.12000000', '4562156.00000000']], 'a': [['0.14640000', '245466.00000000'], ['0.14650000', '1510191.00000000'], ['0.14660000', '1750140.00000000'], ['0.14670000', '1943893.00000000']]}}
2022-04-07 12:55:29.062 | DEBUG    | __main__:check_old_data:130 - (297, 'AVAXUSDT', 84.0, 2892.06, '2022-04-07 12:38:20.495991', '2000-01-01 00:00:00.000000', 0) -0.007857142857142785)
2022-04-07 12:55:29.101 | INFO     | __main__:get_depth_from_websocket:94 - {'stream': 'sandusdt@depth', 'data': {'e': 'depthUpdate', 'E': 1649325322395, 's': 'SANDUSDT', 'U': 3120618139, 'u': 3120618277, 'b': [['3.02110000', '741.00000000'], ['3.02100000', '939.00000000'], ['3.02080000', '1388.00000000'], ['3.02070000', '477.00000000'], ['3.02050000', '638.00000000'], ['3.02040000', '1655.00000000'], ['3.02030000', '279.00000000'], ['3.02010000', '662.00000000'], ['3.02000000', '46.00000000'], ['3.01990000', '0.00000000'], ['3.01870000', '215.00000000'], ['3.01820000', '2097.00000000'], ['3.01760000', '186.00000000'], ['3.01750000', '3803.00000000'], ['3.01630000', '0.00000000'], ['3.01280000', '327.00000000'], ['3.01250000', '655.00000000'], ['3.01240000', '2232.00000000'], ['3.01150000', '347.00000000'], ['3.01140000', '337.00000000'], ['3.01130000', '33.00000000'], ['3.01070000', '315.00000000'], ['3.01020000', '329.00000000'], ['3.01000000', '661.00000000'], ['3.00990000', '336.00000000'], ['3.00980000', '495.00000000'], ['3.00970000', '4307.00000000'], ['3.00960000', '493.00000000'], ['3.00950000', '653.00000000'], ['3.00940000', '165.00000000'], ['3.00930000', '1078.00000000'], ['3.00920000', '494.00000000'], ['3.00910000', '1446.00000000'], ['3.00900000', '325.00000000'], ['3.00890000', '843.00000000'], ['3.00880000', '887.00000000'], ['3.00860000', '3502.00000000'], ['3.00840000', '846.00000000'], ['3.00830000', '1687.00000000'], ['3.00820000', '1478.00000000'], ['3.00810000', '858.00000000'], ['3.00790000', '1198.00000000'], ['3.00770000', '1176.00000000'], ['3.00740000', '19465.00000000'], ['3.00710000', '1645.00000000'], ['3.00700000', '11.00000000'], ['3.00690000', '1310.00000000'], ['3.00670000', '473.00000000'], ['2.99750000', '180.00000000'], ['2.98890000', '7317.00000000']], 'a': [['3.02110000', '0.00000000'], ['3.02120000', '9.00000000'], ['3.02130000', '0.00000000'], ['3.02170000', '0.00000000'], ['3.02210000', '190.00000000'], ['3.02230000', '5.00000000'], ['3.02240000', '4252.00000000'], ['3.02270000', '0.00000000'], ['3.02280000', '49.00000000'], ['3.02290000', '0.00000000'], ['3.02300000', '724.00000000'], ['3.02310000', '150.00000000'], ['3.02320000', '355.00000000'], ['3.02350000', '0.00000000'], ['3.02370000', '3000.00000000'], ['3.02410000', '1986.00000000'], ['3.05500000', '11222.00000000'], ['3.05660000', '0.00000000']]}}
2022-04-07 12:55:29.164 | INFO     | __main__:get_depth_from_websocket:94 - {'stream': 'btcusdt@depth', 'data': {'e': 'depthUpdate', 'E': 1649325322395, 's': 'BTCUSDT', 'U': 18373251844, 'u': 18373251907, 'b': [['43375.25000000', '0.15231000'], ['43374.60000000', '0.00000000'], ['43374.59000000', '0.00000000'], ['43374.58000000', '0.00864000'], ['43373.17000000', '0.21006000'], ['43372.90000000', '0.21928000'], ['43372.63000000', '0.20890000'], ['43372.36000000', '0.21736000'], ['43372.09000000', '0.22232000'], ['43371.92000000', '2.27478000'], ['43371.82000000', '0.20894000'], ['43371.55000000', '0.21461000'], ['43371.28000000', '0.21242000'], ['43370.47000000', '0.21086000'], ['43369.41000000', '0.76945000'], ['43369.35000000', '0.00000000'], ['43368.48000000', '0.00000000'], ['43368.23000000', '0.00000000'], ['43367.91000000', '0.99999000'], ['43367.85000000', '0.74900000'], ['43367.66000000', '0.02305000'], ['43365.55000000', '0.00000000'], ['43362.65000000', '0.05000000'], ['43362.52000000', '0.00000000'], ['43353.56000000', '0.06000000'], ['43349.27000000', '0.09000000'], ['43344.76000000', '0.15000000'], ['43343.81000000', '0.00000000'], ['43342.29000000', '0.42262000'], ['43337.56000000', '0.00000000'], ['43331.76000000', '0.00000000'], ['43319.10000000', '1.17464000'], ['43292.89000000', '0.03986000'], ['43270.93000000', '0.37156000'], ['42081.75000000', '0.00000000'], ['34703.00000000', '0.00000000']], 'a': [['43375.26000000', '11.49562000'], ['43376.92000000', '0.13637000'], ['43377.71000000', '0.00851000'], ['43391.34000000', '0.99999000'], ['43391.75000000', '0.05000000'], ['43392.27000000', '0.00000000'], ['43394.65000000', '0.00000000'], ['43399.99000000', '0.00000000'], ['43440.32000000', '0.01127000'], ['43441.27000000', '0.00000000'], ['43611.82000000', '0.00000000']]}}
2022-04-07 12:55:29.235 | INFO     | __main__:get_depth_from_websocket:94 - {'stream': 'roseusdt@depth', 'data': {'e': 'depthUpdate', 'E': 1649325322395, 's': 'ROSEUSDT', 'U': 941203187, 'u': 941203244, 'b': [['0.25426000', '2907.70000000'], ['0.25425000', '0.00000000'], ['0.25424000', '0.00000000'], ['0.25423000', '0.00000000'], ['0.25422000', '0.00000000'], ['0.25421000', '360.30000000'], ['0.25420000', '522.00000000'], ['0.25419000', '933.70000000'], ['0.25418000', '1966.50000000'], ['0.25415000', '1981.00000000'], ['0.25405000', '409.90000000'], ['0.25403000', '12129.40000000'], ['0.25398000', '7874.00000000'], ['0.25385000', '54431.30000000'], ['0.25384000', '3588.40000000'], ['0.25274000', '1289.60000000'], ['0.25226000', '115.20000000'], ['0.25113000', '3390.50000000']], 'a': [['0.25427000', '579.60000000'], ['0.25428000', '1200.00000000'], ['0.25447000', '1972.60000000'], ['0.25556000', '2878.70000000'], ['0.25565000', '2782.40000000'], ['0.25585000', '0.00000000'], ['0.25586000', '109.20000000'], ['0.25718000', '2189.20000000']]}}
2022-04-07 12:55:29.260 | DEBUG    | __main__:check_old_data:130 - (298, 'AVAXUSDT', 85.38, 1253.28, '2022-04-07 12:38:20.711345', '2000-01-01 00:00:00.000000', 0) 0.008432888264230498)
2022-04-07 12:55:29.263 | INFO     | __main__:get_depth_from_websocket:94 - {'stream': 'eosusdt@depth', 'data': {'e': 'depthUpdate', 'E': 1649325322395, 's': 'EOSUSDT', 'U': 5718984148, 'u': 5718984167, 'b': [['2.48200000', '5384.00000000'], ['2.48100000', '18385.70000000'], ['2.48000000', '20302.50000000'], ['2.47900000', '13770.60000000'], ['2.47700000', '11504.80000000'], ['2.28800000', '436.80000000']], 'a': [['2.48400000', '7314.20000000'], ['2.48500000', '7626.40000000'], ['2.49000000', '6055.00000000'], ['2.50100000', '19230.00000000']]}}
2022-04-07 12:55:29.287 | INFO     | __main__:get_depth_from_websocket:94 - {'stream': 'algousdt@depth', 'data': {'e': 'depthUpdate', 'E': 1649325322396, 's': 'ALGOUSDT', 'U': 1985314602, 'u': 1985314613, 'b': [['0.78820000', '5980.00000000'], ['0.78310000', '20075.00000000']], 'a': [['0.78870000', '1667.00000000'], ['0.78900000', '1772.00000000'], ['0.79410000', '49894.00000000']]}}
2022-04-07 12:55:29.293 | INFO     | __main__:get_depth_from_websocket:94 - {'stream': 'adausdt@depth', 'data': {'e': 'depthUpdate', 'E': 1649325322396, 's': 'ADAUSDT', 'U': 5681078519, 'u': 5681078527, 'b': [['1.07700000', '45874.80000000'], ['1.07600000', '331483.10000000'], ['1.07400000', '109289.90000000'], ['1.07300000', '80006.50000000'], ['1.07200000', '536416.50000000'], ['1.06900000', '221462.50000000']], 'a': [['1.07800000', '127544.80000000']]}}
2022-04-07 12:55:29.335 | INFO     | __main__:get_depth_from_websocket:94 - {'stream': 'aliceusdt@depth', 'data': {'e': 'depthUpdate', 'E': 1649325322396, 's': 'ALICEUSDT', 'U': 1245894776, 'u': 1245894781, 'b': [['6.91000000', '14054.60000000'], ['6.90000000', '12584.14000000']], 'a': [['6.93000000', '6785.40000000']]}}
2022-04-07 12:55:29.339 | INFO     | __main__:get_depth_from_websocket:94 - {'stream': 'enjusdt@depth', 'data': {'e': 'depthUpdate', 'E': 1649325322396, 's': 'ENJUSDT', 'U': 1693182264, 'u': 1693182352, 'b': [['1.66200000', '3979.00000000'], ['1.66100000', '5151.50000000'], ['1.66000000', '10652.40000000'], ['1.65900000', '15030.70000000'], ['1.65800000', '17086.00000000'], ['1.65700000', '11235.40000000'], ['1.65600000', '3105.30000000'], ['1.65300000', '10448.00000000'], ['1.64500000', '4372.10000000'], ['1.64200000', '2839.30000000'], ['1.62000000', '2365.20000000']], 'a': [['1.66400000', '3544.90000000'], ['1.66500000', '6274.40000000'], ['1.66600000', '7730.50000000'], ['1.66700000', '4120.80000000'], ['1.66800000', '8242.30000000'], ['1.66900000', '4010.60000000'], ['1.67000000', '539.00000000'], ['1.67300000', '5206.50000000'], ['1.67400000', '15338.20000000'], ['1.68000000', '943.30000000'], ['1.69200000', '31650.50000000'], ['1.73700000', '209.00000000'], ['1.73900000', '7288.90000000']]}}
2022-04-07 12:55:29.362 | INFO     | __main__:get_depth_from_websocket:94 - {'stream': 'avaxusdt@depth', 'data': {'e': 'depthUpdate', 'E': 1649325322396, 's': 'AVAXUSDT', 'U': 2757405134, 'u': 2757405168, 'b': [['84.56000000', '368.12000000'], ['84.55000000', '29.57000000'], ['84.53000000', '449.93000000'], ['84.52000000', '242.17000000'], ['84.51000000', '428.41000000'], ['84.50000000', '136.86000000'], ['84.49000000', '301.76000000'], ['84.48000000', '1113.00000000'], ['84.46000000', '863.73000000'], ['84.44000000', '444.02000000'], ['84.38000000', '52.79000000'], ['84.33000000', '114.03000000'], ['84.28000000', '517.76000000'], ['84.27000000', '423.52000000'], ['84.24000000', '348.68000000'], ['84.23000000', '47.84000000'], ['84.15000000', '3.99000000'], ['83.38000000', '200.53000000'], ['83.09000000', '8.63000000'], ['82.26000000', '14.19000000'], ['82.09000000', '92.51000000']], 'a': [['84.58000000', '32.75000000'], ['84.59000000', '55.28000000'], ['84.60000000', '85.35000000']]}}
2022-04-07 12:55:29.395 | INFO     | __main__:get_depth_from_websocket:94 - {'stream': 'dydxusdt@depth', 'data': {'e': 'depthUpdate', 'E': 1649325322396, 's': 'DYDXUSDT', 'U': 837499775, 'u': 837499776, 'b': [['5.57200000', '1000.73000000']], 'a': [['5.68900000', '305.25000000']]}}
2022-04-07 12:55:29.400 | INFO     | __main__:get_depth_from_websocket:94 - {'stream': 'iotxusdt@depth', 'data': {'e': 'depthUpdate', 'E': 1649325322396, 's': 'IOTXUSDT', 'U': 971618590, 'u': 971618607, 'b': [['0.08181000', '11232.00000000'], ['0.08170000', '22887.00000000'], ['0.08169000', '117972.00000000'], ['0.08168000', '366723.00000000'], ['0.08167000', '14583.00000000'], ['0.08164000', '25864.00000000']], 'a': [['0.08200000', '38946.00000000'], ['0.08201000', '2800.00000000'], ['0.08202000', '19278.00000000'], ['0.08203000', '30000.00000000'], ['0.08204000', '75062.00000000'], ['0.08205000', '55273.00000000'], ['0.08211000', '171470.00000000'], ['0.08224000', '0.00000000'], ['0.08331000', '242.00000000']]}}
2022-04-07 12:55:29.414 | DEBUG    | __main__:check_old_data:130 - (300, 'PEOPLEUSDT', 0.0573, 1931880.4, '2022-04-07 12:38:20.752119', '2000-01-01 00:00:00.000000', 0) 0.0017452006980802626)
2022-04-07 12:55:29.421 | INFO     | __main__:get_depth_from_websocket:94 - {'stream': 'xrpusdt@depth', 'data': {'e': 'depthUpdate', 'E': 1649325322396, 's': 'XRPUSDT', 'U': 7867954510, 'u': 7867954514, 'b': [['0.77420000', '29349.00000000'], ['0.77370000', '160357.00000000'], ['0.77190000', '0.00000000']], 'a': [['0.77680000', '37026.00000000'], ['0.77980000', '23242.00000000']]}}
2022-04-07 12:55:29.447 | INFO     | __main__:get_depth_from_websocket:94 - {'stream': 'filusdt@depth', 'data': {'e': 'depthUpdate', 'E': 1649325322396, 's': 'FILUSDT', 'U': 3770709733, 'u': 3770709741, 'b': [['22.06000000', '344.44000000'], ['22.01000000', '698.19000000'], ['21.98000000', '515.75000000'], ['21.96000000', '2713.51000000'], ['21.94000000', '419.20000000'], ['21.81000000', '116.16000000']], 'a': [['22.20000000', '654.96000000']]}}
2022-04-07 12:55:29.457 | INFO     | __main__:get_depth_from_websocket:94 - {'stream': 'sushiusdt@depth', 'data': {'e': 'depthUpdate', 'E': 1649325322396, 's': 'SUSHIUSDT', 'U': 1885818385, 'u': 1885818385, 'b': [['3.58300000', '115.30000000']], 'a': []}}
2022-04-07 12:55:29.460 | INFO     | __main__:get_depth_from_websocket:94 - {'stream': 'peopleusdt@depth', 'data': {'e': 'depthUpdate', 'E': 1649325322397, 's': 'PEOPLEUSDT', 'U': 358758654, 'u': 358758673, 'b': [['0.05710000', '1582149.00000000']], 'a': [['0.05720000', '320016.90000000'], ['0.05740000', '1199149.20000000']]}}
2022-04-07 12:55:29.465 | INFO     | __main__:get_depth_from_websocket:94 - {'stream': 'linkusdt@depth', 'data': {'e': 'depthUpdate', 'E': 1649325322397, 's': 'LINKUSDT', 'U': 6345132561, 'u': 6345132568, 'b': [['15.55000000', '2514.79000000'], ['15.54000000', '9565.92000000'], ['15.53000000', '5321.64000000'], ['15.28000000', '200.47000000']], 'a': [['15.56000000', '1753.44000000'], ['15.57000000', '4417.37000000']]}}
2022-04-07 12:55:29.485 | INFO     | __main__:get_depth_from_websocket:94 - {'stream': 'galausdt@depth', 'data': {'e': 'depthUpdate', 'E': 1649325322397, 's': 'GALAUSDT', 'U': 2060946605, 'u': 2060946624, 'b': [['0.22457000', '0.00000000'], ['0.22454000', '7383.00000000'], ['0.22451000', '35203.00000000'], ['0.22450000', '51089.00000000'], ['0.22447000', '34139.00000000'], ['0.22443000', '64107.00000000'], ['0.22436000', '115554.00000000'], ['0.22434000', '60750.00000000'], ['0.22390000', '13340.00000000']], 'a': [['0.22461000', '16781.00000000'], ['0.22462000', '0.00000000'], ['0.22463000', '0.00000000'], ['0.22464000', '0.00000000'], ['0.22469000', '23387.00000000'], ['0.22482000', '70557.00000000'], ['0.22554000', '84907.00000000'], ['0.22562000', '4257.00000000']]}}
2022-04-07 12:55:29.503 | INFO     | __main__:get_depth_from_websocket:94 - {'stream': 'hotusdt@depth', 'data': {'e': 'depthUpdate', 'E': 1649325322397, 's': 'HOTUSDT', 'U': 1059593676, 'u': 1059593678, 'b': [['0.00575300', '1131015.00000000']], 'a': [['0.00576800', '349628.00000000'], ['0.00578100', '172976.00000000']]}}
2022-04-07 12:55:29.508 | INFO     | __main__:get_depth_from_websocket:94 - {'stream': 'crvusdt@depth', 'data': {'e': 'depthUpdate', 'E': 1649325322397, 's': 'CRVUSDT', 'U': 1403161433, 'u': 1403161436, 'b': [['2.51100000', '6107.40000000'], ['2.51000000', '1983.10000000']], 'a': [['2.51300000', '310.50000000'], ['2.59900000', '1500.50000000']]}}
2022-04-07 12:55:29.513 | INFO     | __main__:get_depth_from_websocket:94 - {'stream': 'xtzusdt@depth', 'data': {'e': 'depthUpdate', 'E': 1649325322397, 's': 'XTZUSDT', 'U': 2204614241, 'u': 2204614244, 'b': [['3.33700000', '5452.60000000'], ['3.33500000', '3796.00000000']], 'a': [['3.34300000', '1347.50000000'], ['3.56200000', '91.00000000']]}}
2022-04-07 12:55:29.519 | INFO     | __main__:get_depth_from_websocket:94 - {'stream': 'ftmusdt@depth', 'data': {'e': 'depthUpdate', 'E': 1649325322397, 's': 'FTMUSDT', 'U': 3224192240, 'u': 3224192263, 'b': [['1.33550000', '934.00000000'], ['1.33190000', '2604.00000000'], ['1.33150000', '13599.00000000'], ['1.33140000', '2780.00000000'], ['1.33130000', '8287.00000000'], ['1.33120000', '8604.00000000'], ['1.33110000', '2011.00000000'], ['1.33100000', '4840.00000000'], ['1.33090000', '8638.00000000'], ['1.33080000', '2814.00000000'], ['1.33060000', '1833.00000000'], ['1.33050000', '2258.00000000'], ['1.33040000', '1480.00000000'], ['1.33020000', '8169.00000000'], ['1.33010000', '64177.00000000'], ['1.33000000', '49520.00000000'], ['1.32990000', '3588.00000000'], ['1.32970000', '3675.00000000']], 'a': []}}
2022-04-07 12:55:29.536 | INFO     | __main__:get_depth_from_websocket:94 - {'stream': 'nearusdt@depth', 'data': {'e': 'depthUpdate', 'E': 1649325322397, 's': 'NEARUSDT', 'U': 2219790734, 'u': 2219790742, 'b': [['15.24100000', '151.20000000'], ['15.23900000', '0.00000000'], ['15.23500000', '347.50000000'], ['15.23400000', '755.80000000'], ['14.96700000', '0.00000000']], 'a': [['15.24300000', '144.80000000'], ['15.24400000', '234.00000000'], ['15.26600000', '269.50000000'], ['15.39900000', '64.60000000']]}}
2022-04-07 12:55:29.547 | INFO     | __main__:get_depth_from_websocket:94 - {'stream': 'maticusdt@depth', 'data': {'e': 'depthUpdate', 'E': 1649325322397, 's': 'MATICUSDT', 'U': 3228210386, 'u': 3228210392, 'b': [['1.48500000', '73870.10000000'], ['1.48400000', '104551.60000000'], ['1.48100000', '17290.50000000']], 'a': [['1.48700000', '40135.50000000']]}}
2022-04-07 12:55:29.566 | INFO     | __main__:get_depth_from_websocket:94 - {'stream': 'axsusdt@depth', 'data': {'e': 'depthUpdate', 'E': 1649325322397, 's': 'AXSUSDT', 'U': 2014775552, 'u': 2014775568, 'b': [['54.37000000', '107.95000000'], ['54.36000000', '36.97000000'], ['54.35000000', '256.64000000'], ['54.22000000', '147.79000000']], 'a': [['54.37000000', '0.00000000'], ['54.38000000', '14.74000000'], ['54.39000000', '215.00000000'], ['54.55000000', '1.52000000'], ['54.56000000', '63.96000000'], ['55.75000000', '0.49000000']]}}
2022-04-07 12:55:29.577 | INFO     | __main__:get_depth_from_websocket:94 - {'stream': 'dotusdt@depth', 'data': {'e': 'depthUpdate', 'E': 1649325322397, 's': 'DOTUSDT', 'U': 5286547196, 'u': 5286547202, 'b': [['20.12000000', '3496.52000000']], 'a': [['20.13000000', '1898.88000000'], ['21.11000000', '117.23000000']]}}
2022-04-07 12:55:29.582 | INFO     | __main__:get_depth_from_websocket:94 - {'stream': 'vetusdt@depth', 'data': {'e': 'depthUpdate', 'E': 1649325322397, 's': 'VETUSDT', 'U': 3491174279, 'u': 3491174295, 'b': [['0.06822000', '55805.80000000'], ['0.06818000', '490492.80000000'], ['0.06817000', '34550.10000000'], ['0.06814000', '28944.30000000'], ['0.06813000', '14462.50000000'], ['0.06812000', '89837.80000000'], ['0.06809000', '29756.50000000'], ['0.06808000', '14866.70000000']], 'a': [['0.06848000', '11131.00000000'], ['0.06852000', '110711.90000000'], ['0.06853000', '76477.30000000'], ['0.06855000', '170113.90000000']]}}
2022-04-07 12:55:29.594 | INFO     | __main__:get_depth_from_websocket:94 - {'stream': 'atomusdt@depth', 'data': {'e': 'depthUpdate', 'E': 1649325322397, 's': 'ATOMUSDT', 'U': 2676941617, 'u': 2676941639, 'b': [['27.24000000', '180.90000000'], ['27.23000000', '1755.10000000'], ['27.22000000', '2051.58000000'], ['27.19000000', '3061.42000000'], ['27.11000000', '53.45000000']], 'a': [['27.25000000', '244.19000000'], ['27.27000000', '726.93000000'], ['27.32000000', '1627.08000000'], ['27.33000000', '194.00000000']]}}
2022-04-07 12:55:29.596 | DEBUG    | __main__:check_old_data:130 - (301, 'BTCUSDT', 43395.57, 11.23985, '2022-04-07 12:39:46.103726', '2000-01-01 00:00:00.000000', 0) -0.0009556274983828494)
2022-04-07 12:55:29.618 | INFO     | __main__:get_depth_from_websocket:94 - {'stream': 'lrcusdt@depth', 'data': {'e': 'depthUpdate', 'E': 1649325322397, 's': 'LRCUSDT', 'U': 1580552531, 'u': 1580552533, 'b': [['1.00610000', '3936.00000000']], 'a': [['1.00650000', '648.00000000'], ['1.00710000', '1150.00000000']]}}
2022-04-07 12:55:29.623 | INFO     | __main__:get_depth_from_websocket:94 - {'stream': 'oneusdt@depth', 'data': {'e': 'depthUpdate', 'E': 1649325322397, 's': 'ONEUSDT', 'U': 1686394777, 'u': 1686394789, 'b': [['0.13748000', '33598.50000000'], ['0.13648000', '0.00000000']], 'a': [['0.13789000', '2767.00000000'], ['0.13791000', '0.00000000'], ['0.13795000', '10990.60000000'], ['0.13871000', '0.00000000'], ['0.13876000', '6400.00000000'], ['0.13877000', '27682.70000000']]}}
2022-04-07 12:55:29.632 | INFO     | __main__:get_depth_from_websocket:94 - {'stream': 'manausdt@depth', 'data': {'e': 'depthUpdate', 'E': 1649325322398, 's': 'MANAUSDT', 'U': 2455304220, 'u': 2455304227, 'b': [['2.38670000', '855.00000000'], ['2.38640000', '7481.00000000'], ['2.38590000', '5334.00000000']], 'a': [['2.38800000', '300.00000000'], ['2.38810000', '242.00000000'], ['2.38830000', '0.00000000'], ['2.38910000', '985.00000000'], ['2.40750000', '16.00000000']]}}
2022-04-07 12:55:29.642 | INFO     | __main__:get_depth_from_websocket:94 - {'stream': 'hntusdt@depth', 'data': {'e': 'depthUpdate', 'E': 1649325322398, 's': 'HNTUSDT', 'U': 544145217, 'u': 544145218, 'b': [], 'a': [['22.58000000', '367.69000000'], ['22.83000000', '33.08000000']]}}
2022-04-07 12:55:29.645 | INFO     | __main__:get_depth_from_websocket:94 - {'stream': 'linkusdt@depth', 'data': {'e': 'depthUpdate', 'E': 1649325323395, 's': 'LINKUSDT', 'U': 6345132569, 'u': 6345132621, 'b': [['15.55000000', '1384.93000000'], ['15.54000000', '8613.60000000'], ['15.53000000', '5625.60000000'], ['15.52000000', '5330.74000000'], ['15.51000000', '6286.70000000']], 'a': [['15.56000000', '3046.50000000'], ['15.57000000', '4256.57000000'], ['15.58000000', '5373.40000000']]}}
2022-04-07 12:55:29.668 | INFO     | __main__:get_depth_from_websocket:94 - {'stream': 'atomusdt@depth', 'data': {'e': 'depthUpdate', 'E': 1649325323395, 's': 'ATOMUSDT', 'U': 2676941640, 'u': 2676941645, 'b': [], 'a': [['27.25000000', '611.27000000'], ['27.41000000', '313.71000000'], ['27.50000000', '501.43000000'], ['27.52000000', '512.08000000'], ['30.72000000', '68.95000000']]}}
2022-04-07 12:55:29.675 | INFO     | __main__:get_depth_from_websocket:94 - {'stream': 'manausdt@depth', 'data': {'e': 'depthUpdate', 'E': 1649325323395, 's': 'MANAUSDT', 'U': 2455304228, 'u': 2455304328, 'b': [['2.38800000', '446.00000000'], ['2.38790000', '188.00000000'], ['2.38780000', '4435.00000000'], ['2.38770000', '0.00000000'], ['2.38760000', '1047.00000000'], ['2.38750000', '640.00000000'], ['2.38740000', '0.00000000'], ['2.38730000', '63.00000000'], ['2.38720000', '888.00000000'], ['2.38710000', '4183.00000000'], ['2.38660000', '0.00000000'], ['2.38650000', '4520.00000000'], ['2.38630000', '5593.00000000'], ['2.38600000', '473.00000000'], ['2.38520000', '1181.00000000'], ['2.38260000', '398.00000000'], ['2.38140000', '10127.00000000'], ['2.38110000', '2366.00000000'], ['2.38070000', '134.00000000'], ['2.38040000', '0.00000000'], ['2.37990000', '0.00000000'], ['2.37960000', '274.00000000'], ['2.37940000', '5.00000000'], ['2.37930000', '0.00000000'], ['2.37920000', '0.00000000'], ['2.37910000', '23.00000000'], ['2.37900000', '0.00000000'], ['2.37890000', '0.00000000'], ['2.37870000', '0.00000000'], ['2.37860000', '21.00000000'], ['2.37840000', '11.00000000'], ['2.37810000', '0.00000000'], ['2.37800000', '0.00000000'], ['2.37790000', '0.00000000'], ['2.37760000', '0.00000000'], ['2.37720000', '0.00000000'], ['2.37710000', '529.00000000'], ['2.37690000', '21.00000000'], ['2.37680000', '228.00000000'], ['2.37630000', '34.00000000']], 'a': [['2.38790000', '0.00000000'], ['2.38800000', '0.00000000'], ['2.38810000', '12.00000000'], ['2.38850000', '0.00000000'], ['2.38890000', '21.00000000'], ['2.38910000', '313.00000000'], ['2.38920000', '1746.00000000'], ['2.38940000', '2295.00000000'], ['2.38950000', '1055.00000000'], ['2.38990000', '1667.00000000'], ['2.39120000', '4701.00000000']]}}
2022-04-07 12:55:29.723 | INFO     | __main__:get_depth_from_websocket:94 - {'stream': 'btcusdt@depth', 'data': {'e': 'depthUpdate', 'E': 1649325323395, 's': 'BTCUSDT', 'U': 18373251908, 'u': 18373251968, 'b': [['43375.25000000', '0.12754000'], ['43374.58000000', '0.00000000'], ['43374.57000000', '0.00000000'], ['43374.56000000', '0.00000000'], ['43374.55000000', '0.00000000'], ['43373.32000000', '0.35545000'], ['43367.91000000', '0.00000000'], ['43367.85000000', '0.00000000'], ['43367.81000000', '0.99999000'], ['43367.75000000', '0.74900000'], ['43366.88000000', '0.01829000'], ['43365.30000000', '0.05000000'], ['43365.29000000', '0.00000000'], ['43362.73000000', '0.00000000'], ['43362.65000000', '0.00000000'], ['43353.41000000', '0.10832000'], ['43351.18000000', '0.00000000'], ['43346.16000000', '0.06000000'], ['42081.75000000', '0.00000000']], 'a': [['43375.26000000', '10.75061000'], ['43376.69000000', '0.01358000'], ['43376.92000000', '0.02110000'], ['43377.38000000', '0.22326000'], ['43377.71000000', '0.00000000'], ['43381.76000000', '0.01282000'], ['43391.34000000', '0.00000000'], ['43391.75000000', '0.00000000'], ['43394.38000000', '0.05000000'], ['43449.21000000', '0.00000000'], ['43700.00000000', '3.06724000'], ['43936.10000000', '0.00000000']]}}
2022-04-07 12:55:29.758 | DEBUG    | __main__:check_old_data:130 - (304, 'XRPUSDT', 0.7749, 653677.0, '2022-04-07 12:38:25.330493', '2000-01-01 00:00:00.000000', 0) -0.0025809781907342177)
2022-04-07 12:55:29.768 | INFO     | __main__:get_depth_from_websocket:94 - {'stream': 'axsusdt@depth', 'data': {'e': 'depthUpdate', 'E': 1649325323395, 's': 'AXSUSDT', 'U': 2014775569, 'u': 2014775594, 'b': [['54.37000000', '0.00000000'], ['54.36000000', '26.60000000'], ['54.35000000', '216.64000000'], ['54.34000000', '4.73000000'], ['54.33000000', '130.77000000'], ['54.30000000', '276.56000000'], ['54.25000000', '231.08000000'], ['54.23000000', '230.53000000']], 'a': [['54.37000000', '74.44000000'], ['54.38000000', '29.42000000'], ['54.39000000', '207.82000000'], ['54.42000000', '39.25000000'], ['55.87000000', '90.71000000']]}}
2022-04-07 12:55:29.793 | INFO     | __main__:get_depth_from_websocket:94 - {'stream': 'xtzusdt@depth', 'data': {'e': 'depthUpdate', 'E': 1649325323395, 's': 'XTZUSDT', 'U': 2204614245, 'u': 2204614245, 'b': [['3.34000000', '2195.60000000']], 'a': []}}
2022-04-07 12:55:29.795 | INFO     | __main__:get_depth_from_websocket:94 - {'stream': 'hotusdt@depth', 'data': {'e': 'depthUpdate', 'E': 1649325323395, 's': 'HOTUSDT', 'U': 1059593679, 'u': 1059593706, 'b': [['0.00576100', '0.00000000'], ['0.00575900', '107226.00000000'], ['0.00575800', '1170786.00000000'], ['0.00575700', '1581151.00000000'], ['0.00574600', '506239.00000000']], 'a': [['0.00576100', '109632.00000000'], ['0.00576200', '68129.00000000'], ['0.00576300', '440910.00000000'], ['0.00576400', '174328.00000000'], ['0.00576500', '251656.00000000'], ['0.00576700', '366098.00000000'], ['0.00576900', '531731.00000000'], ['0.00577400', '1358904.00000000'], ['0.00577700', '4001892.00000000']]}}
2022-04-07 12:55:29.810 | INFO     | __main__:get_depth_from_websocket:94 - {'stream': 'ftmusdt@depth', 'data': {'e': 'depthUpdate', 'E': 1649325323395, 's': 'FTMUSDT', 'U': 3224192264, 'u': 3224192285, 'b': [['1.33550000', '464.00000000'], ['1.33490000', '252.00000000'], ['1.33370000', '60390.00000000'], ['1.33360000', '22827.00000000'], ['1.33340000', '39881.00000000'], ['1.33280000', '3082.00000000'], ['1.33150000', '12678.00000000'], ['1.33060000', '1096.00000000'], ['1.33010000', '62258.00000000'], ['1.32990000', '2625.00000000'], ['1.32870000', '2233.00000000'], ['1.31180000', '14019.00000000'], ['1.28500000', '18508.00000000']], 'a': [['1.33580000', '1742.00000000'], ['1.33700000', '9311.00000000'], ['1.33730000', '5607.00000000'], ['1.55930000', '34.00000000']]}}
2022-04-07 12:55:29.828 | INFO     | __main__:get_depth_from_websocket:94 - {'stream': 'hntusdt@depth', 'data': {'e': 'depthUpdate', 'E': 1649325323396, 's': 'HNTUSDT', 'U': 544145219, 'u': 544145251, 'b': [['22.52000000', '0.00000000'], ['22.51000000', '143.17000000'], ['22.50000000', '431.32000000'], ['22.49000000', '405.05000000'], ['22.47000000', '758.42000000'], ['22.46000000', '665.71000000'], ['22.45000000', '156.91000000'], ['22.39000000', '252.64000000']], 'a': [['22.52000000', '8.31000000'], ['22.53000000', '58.24000000'], ['22.54000000', '89.42000000'], ['22.56000000', '26.00000000'], ['22.57000000', '255.58000000'], ['22.58000000', '303.25000000'], ['22.77000000', '74.96000000']]}}
2022-04-07 12:55:29.844 | INFO     | __main__:get_depth_from_websocket:94 - {'stream': 'adausdt@depth', 'data': {'e': 'depthUpdate', 'E': 1649325323396, 's': 'ADAUSDT', 'U': 5681078528, 'u': 5681078531, 'b': [['1.07200000', '536694.90000000']], 'a': [['1.07800000', '128344.80000000']]}}
2022-04-07 12:55:29.861 | INFO     | __main__:get_depth_from_websocket:94 - {'stream': 'galausdt@depth', 'data': {'e': 'depthUpdate', 'E': 1649325323396, 's': 'GALAUSDT', 'U': 2060946625, 'u': 2060946655, 'b': [['0.22457000', '1698.00000000'], ['0.22448000', '20759.00000000'], ['0.22446000', '88470.00000000'], ['0.22443000', '68559.00000000'], ['0.22440000', '75381.00000000'], ['0.22439000', '136540.00000000'], ['0.22409000', '94351.00000000'], ['0.22402000', '6558.00000000'], ['0.22368000', '2299.00000000'], ['0.22361000', '4411.00000000'], ['0.22351000', '4390.00000000']], 'a': [['0.22461000', '6294.00000000'], ['0.22462000', '3003.00000000'], ['0.22463000', '10000.00000000'], ['0.22464000', '13003.00000000'], ['0.22465000', '10000.00000000'], ['0.22466000', '0.00000000'], ['0.22469000', '22847.00000000'], ['0.22475000', '789.00000000'], ['0.22479000', '20919.00000000'], ['0.22482000', '65997.00000000'], ['0.22483000', '20783.00000000'], ['0.22489000', '33308.00000000'], ['0.22506000', '93343.00000000'], ['0.22523000', '5548.00000000'], ['0.22525000', '5626.00000000'], ['0.22576000', '42586.00000000']]}}
2022-04-07 12:55:29.889 | INFO     | __main__:get_depth_from_websocket:94 - {'stream': 'avaxusdt@depth', 'data': {'e': 'depthUpdate', 'E': 1649325323396, 's': 'AVAXUSDT', 'U': 2757405169, 'u': 2757405227, 'b': [['84.57000000', '15.67000000'], ['84.56000000', '338.58000000'], ['84.53000000', '532.95000000'], ['84.52000000', '124.53000000'], ['84.50000000', '103.26000000'], ['84.49000000', '286.64000000'], ['84.46000000', '919.28000000'], ['84.42000000', '147.18000000'], ['84.34000000', '137.17000000'], ['84.28000000', '451.40000000'], ['84.27000000', '408.62000000'], ['84.25000000', '106.30000000'], ['84.24000000', '337.06000000'], ['84.23000000', '36.12000000'], ['84.22000000', '35.18000000'], ['83.10000000', '41.92000000'], ['83.00000000', '1032.50000000'], ['82.81000000', '14.20000000'], ['82.26000000', '19.38000000'], ['82.09000000', '98.35000000']], 'a': [['84.58000000', '136.47000000'], ['84.59000000', '116.03000000'], ['84.60000000', '67.80000000'], ['84.61000000', '205.35000000'], ['84.62000000', '4.65000000'], ['84.63000000', '79.11000000'], ['84.64000000', '154.88000000'], ['84.65000000', '267.35000000'], ['84.67000000', '413.77000000'], ['84.68000000', '695.76000000'], ['84.69000000', '145.32000000'], ['84.71000000', '602.98000000'], ['84.75000000', '444.90000000']]}}
2022-04-07 12:55:29.919 | DEBUG    | __main__:check_old_data:130 - (306, 'ADAUSDT', 1.072, 181580.1, '2022-04-07 12:38:25.827001', '2000-01-01 00:00:00.000000', 0) -0.005597014925373234)
2022-04-07 12:55:29.961 | INFO     | __main__:get_depth_from_websocket:94 - {'stream': 'dotusdt@depth', 'data': {'e': 'depthUpdate', 'E': 1649325323396, 's': 'DOTUSDT', 'U': 5286547203, 'u': 5286547210, 'b': [['20.06000000', '9343.67000000'], ['20.05000000', '2209.12000000'], ['20.01000000', '8996.73000000'], ['19.59000000', '373.48000000']], 'a': [['20.13000000', '1898.88000000']]}}
2022-04-07 12:55:29.980 | INFO     | __main__:get_depth_from_websocket:94 - {'stream': 'iotxusdt@depth', 'data': {'e': 'depthUpdate', 'E': 1649325323396, 's': 'IOTXUSDT', 'U': 971618608, 'u': 971618622, 'b': [['0.08182000', '0.00000000'], ['0.08181000', '500.00000000'], ['0.08170000', '22377.00000000'], ['0.08167000', '15093.00000000'], ['0.08082000', '367.00000000']], 'a': [['0.08187000', '0.00000000'], ['0.08189000', '18330.00000000'], ['0.08192000', '10361.00000000'], ['0.08310000', '225971.00000000']]}}
2022-04-07 12:55:29.991 | INFO     | __main__:get_depth_from_websocket:94 - {'stream': 'nearusdt@depth', 'data': {'e': 'depthUpdate', 'E': 1649325323396, 's': 'NEARUSDT', 'U': 2219790743, 'u': 2219790836, 'b': [['15.24200000', '0.00000000'], ['15.24100000', '0.00000000'], ['15.23800000', '0.00000000'], ['15.23700000', '138.00000000'], ['15.23600000', '0.00000000'], ['15.23500000', '30.60000000'], ['15.23400000', '9.60000000'], ['15.23300000', '0.00000000'], ['15.23200000', '311.30000000'], ['15.22900000', '156.80000000'], ['15.22800000', '368.30000000'], ['15.22300000', '309.20000000'], ['15.22200000', '60.80000000'], ['15.22100000', '337.00000000'], ['15.21800000', '1421.70000000'], ['15.21700000', '627.80000000'], ['15.21600000', '1535.00000000'], ['15.21500000', '1109.00000000'], ['15.21100000', '7553.30000000'], ['15.21000000', '311.90000000'], ['15.20500000', '2444.10000000']], 'a': [['15.23800000', '44.30000000'], ['15.23900000', '0.00000000'], ['15.24000000', '200.00000000'], ['15.24100000', '223.90000000'], ['15.24200000', '0.00000000'], ['15.24300000', '261.80000000'], ['15.24400000', '226.10000000'], ['15.24500000', '875.40000000'], ['15.24600000', '608.70000000'], ['15.24700000', '1595.20000000'], ['15.24900000', '4627.40000000'], ['15.25100000', '49.30000000'], ['15.25200000', '61.60000000'], ['15.25300000', '2690.90000000'], ['15.25400000', '98.70000000'], ['15.25700000', '0.00000000'], ['15.26200000', '283.00000000'], ['15.26500000', '108.20000000'], ['15.26600000', '181.00000000'], ['15.35400000', '120.00000000'], ['15.35500000', '0.00000000'], ['15.37000000', '221.00000000'], ['15.37100000', '0.00000000'], ['15.38600000', '236.70000000'], ['15.38700000', '7.50000000'], ['15.40200000', '231.50000000'], ['15.40300000', '0.00000000'], ['15.41800000', '223.40000000'], ['15.41900000', '0.00000000'], ['16.50000000', '21288.10000000']]}}
2022-04-07 12:55:30.049 | DEBUG    | __main__:check_old_data:130 - (307, 'ADAUSDT', 1.08, 239040.9, '2022-04-07 12:38:25.865036', '2000-01-01 00:00:00.000000', 0) 0.0018518518518518823)
2022-04-07 12:55:30.051 | INFO     | __main__:get_depth_from_websocket:94 - {'stream': 'oneusdt@depth', 'data': {'e': 'depthUpdate', 'E': 1649325323396, 's': 'ONEUSDT', 'U': 1686394790, 'u': 1686394833, 'b': [['0.13788000', '0.00000000'], ['0.13787000', '3275.00000000'], ['0.13785000', '2753.50000000'], ['0.13784000', '0.00000000'], ['0.13783000', '0.00000000'], ['0.13781000', '11574.40000000'], ['0.13780000', '125969.50000000'], ['0.13778000', '7253.00000000'], ['0.13776000', '79699.30000000'], ['0.13764000', '31303.10000000'], ['0.13761000', '41545.10000000'], ['0.13703000', '7192.40000000'], ['0.13602000', '110853.30000000'], ['0.13569000', '190.80000000'], ['0.13427000', '147356.60000000'], ['0.13420000', '0.00000000']], 'a': [['0.13791000', '9113.50000000'], ['0.13792000', '11563.60000000'], ['0.13793000', '906.30000000'], ['0.13794000', '2250.20000000'], ['0.13795000', '8111.40000000'], ['0.13798000', '2921.40000000'], ['0.13803000', '1305.90000000'], ['0.13808000', '10000.00000000'], ['0.13832000', '10000.00000000'], ['0.13845000', '0.00000000'], ['0.13871000', '0.00000000'], ['0.13876000', '6400.00000000'], ['0.14039000', '157508.30000000'], ['0.14061000', '0.00000000']]}}
2022-04-07 12:55:30.091 | INFO     | __main__:get_depth_from_websocket:94 - {'stream': 'lrcusdt@depth', 'data': {'e': 'depthUpdate', 'E': 1649325323396, 's': 'LRCUSDT', 'U': 1580552534, 'u': 1580552588, 'b': [['1.00650000', '0.00000000'], ['1.00640000', '56.00000000'], ['1.00630000', '95.00000000'], ['1.00620000', '1995.00000000'], ['1.00610000', '3466.00000000'], ['1.00600000', '3240.00000000'], ['1.00580000', '1623.00000000'], ['1.00570000', '2310.00000000'], ['1.00560000', '301.00000000'], ['1.00530000', '4964.00000000'], ['1.00520000', '5224.00000000'], ['1.00480000', '12185.00000000'], ['1.00410000', '6283.00000000']], 'a': [['1.00650000', '0.00000000'], ['1.00660000', '40.00000000'], ['1.00680000', '3300.00000000'], ['1.00710000', '1726.00000000'], ['1.00720000', '6061.00000000'], ['1.00730000', '20089.00000000'], ['1.00760000', '9099.00000000']]}}
2022-04-07 12:55:30.111 | INFO     | __main__:get_depth_from_websocket:94 - {'stream': 'sushiusdt@depth', 'data': {'e': 'depthUpdate', 'E': 1649325323396, 's': 'SUSHIUSDT', 'U': 1885818386, 'u': 1885818388, 'b': [['3.60000000', '263.00000000'], ['3.59700000', '1706.90000000']], 'a': [['3.68400000', '1357.90000000']]}}
2022-04-07 12:55:30.116 | INFO     | __main__:get_depth_from_websocket:94 - {'stream': 'dydxusdt@depth', 'data': {'e': 'depthUpdate', 'E': 1649325323396, 's': 'DYDXUSDT', 'U': 837499777, 'u': 837499785, 'b': [['5.58400000', '0.00000000'], ['5.57300000', '1518.12000000'], ['5.56400000', '1141.47000000']], 'a': [['5.58600000', '100.50000000'], ['5.58800000', '623.00000000'], ['5.59100000', '915.23000000']]}}
2022-04-07 12:55:30.124 | INFO     | __main__:get_depth_from_websocket:94 - {'stream': 'crvusdt@depth', 'data': {'e': 'depthUpdate', 'E': 1649325323396, 's': 'CRVUSDT', 'U': 1403161437, 'u': 1403161462, 'b': [['2.51100000', '5280.30000000'], ['2.51000000', '2520.20000000'], ['2.50900000', '3102.00000000'], ['2.50800000', '6058.30000000'], ['2.50600000', '11968.50000000']], 'a': [['2.51300000', '1488.30000000'], ['2.51400000', '1101.20000000'], ['2.51500000', '8625.20000000'], ['2.51600000', '3824.80000000'], ['2.51700000', '3338.80000000']]}}
2022-04-07 12:55:30.135 | INFO     | __main__:get_depth_from_websocket:94 - {'stream': 'algousdt@depth', 'data': {'e': 'depthUpdate', 'E': 1649325323396, 's': 'ALGOUSDT', 'U': 1985314614, 'u': 1985314637, 'b': [['0.78820000', '1876.00000000'], ['0.78800000', '4890.00000000'], ['0.78610000', '703.00000000'], ['0.78570000', '15452.00000000'], ['0.78290000', '51.00000000'], ['0.78170000', '8220.00000000']], 'a': [['0.78870000', '5361.00000000'], ['0.78900000', '1677.00000000'], ['0.78910000', '7831.00000000'], ['0.78940000', '4455.00000000'], ['0.79390000', '46.00000000']]}}
2022-04-07 12:55:30.148 | INFO     | __main__:get_depth_from_websocket:94 - {'stream': 'vetusdt@depth', 'data': {'e': 'depthUpdate', 'E': 1649325323396, 's': 'VETUSDT', 'U': 3491174296, 'u': 3491174307, 'b': [['0.06846000', '16344.00000000']], 'a': [['0.06848000', '8983.60000000'], ['0.06849000', '137031.10000000']]}}
2022-04-07 12:55:30.152 | INFO     | __main__:get_depth_from_websocket:94 - {'stream': 'maticusdt@depth', 'data': {'e': 'depthUpdate', 'E': 1649325323397, 's': 'MATICUSDT', 'U': 3228210393, 'u': 3228210414, 'b': [['1.48600000', '15961.10000000'], ['1.48500000', '66256.60000000'], ['1.48400000', '104962.70000000'], ['1.48100000', '16886.90000000'], ['1.43900000', '935.20000000']], 'a': [['1.48700000', '47415.40000000'], ['1.48800000', '78404.10000000'], ['1.48900000', '73552.00000000']]}}
2022-04-07 12:55:30.186 | INFO     | __main__:get_depth_from_websocket:94 - {'stream': 'dogeusdt@depth', 'data': {'e': 'depthUpdate', 'E': 1649325323397, 's': 'DOGEUSDT', 'U': 4377468253, 'u': 4377468264, 'b': [['0.14630000', '858559.00000000'], ['0.14620000', '1077381.00000000'], ['0.14590000', '976791.00000000'], ['0.14540000', '2743127.00000000']], 'a': [['0.14650000', '1502621.00000000'], ['0.14660000', '1629579.00000000'], ['0.14670000', '2049626.00000000'], ['0.14680000', '891264.00000000']]}}
2022-04-07 12:55:30.205 | DEBUG    | __main__:check_old_data:130 - (308, 'MATICUSDT', 1.484, 113568.4, '2022-04-07 12:38:26.690917', '2000-01-01 00:00:00.000000', 0) -0.003369272237196741)
2022-04-07 12:55:30.258 | INFO     | __main__:get_depth_from_websocket:94 - {'stream': 'aliceusdt@depth', 'data': {'e': 'depthUpdate', 'E': 1649325323397, 's': 'ALICEUSDT', 'U': 1245894782, 'u': 1245894785, 'b': [['6.91000000', '13720.81000000']], 'a': [['6.94000000', '9728.33000000']]}}
2022-04-07 12:55:30.262 | INFO     | __main__:get_depth_from_websocket:94 - {'stream': 'peopleusdt@depth', 'data': {'e': 'depthUpdate', 'E': 1649325323397, 's': 'PEOPLEUSDT', 'U': 358758674, 'u': 358758713, 'b': [['0.05710000', '1482283.30000000'], ['0.05700000', '2887911.80000000'], ['0.05210000', '372579.20000000']], 'a': [['0.05720000', '327016.00000000'], ['0.05730000', '2994298.40000000'], ['0.05740000', '1143477.50000000']]}}
2022-04-07 12:55:30.283 | INFO     | __main__:get_depth_from_websocket:94 - {'stream': 'enjusdt@depth', 'data': {'e': 'depthUpdate', 'E': 1649325323397, 's': 'ENJUSDT', 'U': 1693182353, 'u': 1693182370, 'b': [['1.66000000', '10045.00000000'], ['1.65900000', '13221.70000000'], ['1.65800000', '17326.00000000'], ['1.65400000', '3192.80000000'], ['1.65200000', '213.70000000'], ['1.64900000', '2570.70000000'], ['1.64500000', '5274.80000000'], ['1.64200000', '2231.50000000'], ['1.62700000', '348.10000000'], ['1.61700000', '293.30000000']], 'a': [['1.66700000', '4282.20000000'], ['1.66900000', '9151.60000000']]}}
2022-04-07 12:55:30.296 | INFO     | __main__:get_depth_from_websocket:94 - {'stream': 'eosusdt@depth', 'data': {'e': 'depthUpdate', 'E': 1649325323397, 's': 'EOSUSDT', 'U': 5718984168, 'u': 5718984169, 'b': [['2.47700000', '11634.80000000']], 'a': [['2.48400000', '6440.80000000']]}}
2022-04-07 12:55:30.299 | INFO     | __main__:get_depth_from_websocket:94 - {'stream': 'filusdt@depth', 'data': {'e': 'depthUpdate', 'E': 1649325323397, 's': 'FILUSDT', 'U': 3770709742, 'u': 3770709766, 'b': [['22.06000000', '318.34000000'], ['22.05000000', '1573.75000000'], ['22.04000000', '924.89000000'], ['22.03000000', '2391.81000000'], ['22.02000000', '3164.11000000'], ['21.99000000', '1398.21000000'], ['21.98000000', '605.87000000'], ['21.95000000', '3543.37000000']], 'a': [['22.07000000', '466.97000000'], ['22.08000000', '1111.69000000'], ['22.10000000', '1277.93000000'], ['22.20000000', '654.96000000']]}}
2022-04-07 12:55:30.311 | INFO     | __main__:get_depth_from_websocket:94 - {'stream': 'roseusdt@depth', 'data': {'e': 'depthUpdate', 'E': 1649325323397, 's': 'ROSEUSDT', 'U': 941203245, 'u': 941203281, 'b': [['0.25426000', '0.00000000'], ['0.25421000', '5119.00000000'], ['0.25418000', '0.00000000'], ['0.25417000', '4753.20000000'], ['0.25413000', '0.00000000'], ['0.25411000', '1966.80000000'], ['0.25410000', '5302.00000000'], ['0.25409000', '524.10000000'], ['0.25396000', '1315.40000000'], ['0.25386000', '7743.30000000'], ['0.25385000', '3117.90000000'], ['0.25383000', '55300.20000000'], ['0.25380000', '16439.20000000'], ['0.25271000', '13958.70000000'], ['0.25258000', '0.00000000']], 'a': [['0.25424000', '337.00000000'], ['0.25425000', '341.40000000'], ['0.25426000', '5433.20000000'], ['0.25427000', '1779.60000000'], ['0.25428000', '0.00000000'], ['0.25429000', '0.00000000'], ['0.25435000', '1415.10000000'], ['0.25439000', '1579.30000000'], ['0.25441000', '0.00000000'], ['0.25445000', '5788.90000000'], ['0.25718000', '22823.40000000'], ['0.25739000', '9848.40000000']]}}
2022-04-07 12:55:30.337 | DEBUG    | __main__:check_old_data:130 - (310, 'MATICUSDT', 1.482, 83657.7, '2022-04-07 12:38:26.705931', '2000-01-01 00:00:00.000000', 0) -0.004723346828610087)
2022-04-07 12:55:30.338 | INFO     | __main__:get_depth_from_websocket:94 - {'stream': 'thetausdt@depth', 'data': {'e': 'depthUpdate', 'E': 1649325323397, 's': 'THETAUSDT', 'U': 3364467054, 'u': 3364467059, 'b': [['3.42700000', '4076.40000000'], ['3.42200000', '3217.20000000']], 'a': [['3.44100000', '12203.20000000'], ['3.44200000', '4653.30000000'], ['3.44500000', '1500.70000000']]}}
2022-04-07 12:55:30.357 | INFO     | __main__:get_depth_from_websocket:94 - {'stream': 'sandusdt@depth', 'data': {'e': 'depthUpdate', 'E': 1649325323397, 's': 'SANDUSDT', 'U': 3120618278, 'u': 3120618421, 'b': [['3.02180000', '81.00000000'], ['3.02170000', '0.00000000'], ['3.02160000', '460.00000000'], ['3.02150000', '0.00000000'], ['3.02140000', '280.00000000'], ['3.02130000', '205.00000000'], ['3.02120000', '584.00000000'], ['3.02110000', '6203.00000000'], ['3.02100000', '435.00000000'], ['3.02080000', '1843.00000000'], ['3.02070000', '0.00000000'], ['3.02010000', '0.00000000'], ['3.01980000', '812.00000000'], ['3.01890000', '1959.00000000'], ['3.01870000', '555.00000000'], ['3.01840000', '5382.00000000'], ['3.01820000', '503.00000000'], ['3.01790000', '5449.00000000'], ['3.01780000', '5829.00000000'], ['3.01750000', '494.00000000'], ['3.01210000', '2171.00000000'], ['3.01170000', '913.00000000'], ['3.01070000', '642.00000000'], ['3.01050000', '905.00000000'], ['3.01030000', '190.00000000'], ['3.00990000', '667.00000000'], ['3.00960000', '819.00000000'], ['3.00930000', '1475.00000000'], ['3.00920000', '926.00000000'], ['3.00910000', '1433.00000000'], ['3.00900000', '1172.00000000'], ['3.00890000', '1583.00000000'], ['3.00870000', '722.00000000'], ['3.00860000', '2308.00000000'], ['3.00850000', '435.00000000'], ['3.00840000', '768.00000000'], ['3.00830000', '1256.00000000'], ['3.00820000', '1061.00000000'], ['3.00810000', '433.00000000'], ['3.00790000', '871.00000000'], ['3.00760000', '651.00000000'], ['3.00740000', '19015.00000000'], ['3.00690000', '982.00000000'], ['3.00530000', '7.00000000']], 'a': [['3.02120000', '0.00000000'], ['3.02190000', '205.00000000'], ['3.02200000', '0.00000000'], ['3.02210000', '335.00000000'], ['3.02220000', '0.00000000'], ['3.02230000', '0.00000000'], ['3.02240000', '0.00000000'], ['3.02250000', '242.00000000'], ['3.02270000', '252.00000000'], ['3.02280000', '0.00000000'], ['3.02310000', '0.00000000'], ['3.02320000', '404.00000000'], ['3.02330000', '1617.00000000'], ['3.02340000', '300.00000000'], ['3.02350000', '359.00000000'], ['3.02360000', '984.00000000'], ['3.02370000', '3000.00000000'], ['3.02390000', '0.00000000'], ['3.02470000', '1655.00000000'], ['3.02480000', '0.00000000'], ['3.02510000', '2193.00000000'], ['3.02540000', '160.00000000'], ['3.02550000', '2324.00000000']]}}
2022-04-07 12:55:30.420 | INFO     | __main__:get_depth_from_websocket:94 - {'stream': 'xrpusdt@depth', 'data': {'e': 'depthUpdate', 'E': 1649325323397, 's': 'XRPUSDT', 'U': 7867954515, 'u': 7867954524, 'b': [['0.77430000', '30626.00000000'], ['0.77420000', '28733.00000000'], ['0.77360000', '71982.00000000'], ['0.77350000', '109827.00000000'], ['0.77070000', '108.00000000'], ['0.74000000', '250474.00000000']], 'a': [['0.77990000', '4661.00000000']]}}
2022-04-07 12:55:30.436 | INFO     | __main__:get_depth_from_websocket:94 - {'stream': 'galausdt@depth', 'data': {'e': 'depthUpdate', 'E': 1649325324395, 's': 'GALAUSDT', 'U': 2060946656, 'u': 2060946665, 'b': [['0.22397000', '10348.00000000'], ['0.22372000', '6841.00000000'], ['0.22361000', '8814.00000000'], ['0.22357000', '7085.00000000'], ['0.22081000', '184.00000000'], ['0.22074000', '118745.00000000']], 'a': [['0.22499000', '26434.00000000'], ['0.22505000', '41982.00000000'], ['0.22507000', '128985.00000000'], ['0.22520000', '26252.00000000']]}}
2022-04-07 12:55:30.460 | INFO     | __main__:get_depth_from_websocket:94 - {'stream': 'adausdt@depth', 'data': {'e': 'depthUpdate', 'E': 1649325324395, 's': 'ADAUSDT', 'U': 5681078532, 'u': 5681078546, 'b': [['1.07700000', '45856.20000000'], ['1.07600000', '331575.90000000'], ['1.07500000', '206069.10000000'], ['1.07200000', '535775.30000000']], 'a': [['1.07800000', '128159.30000000']]}}
2022-04-07 12:55:30.470 | DEBUG    | __main__:check_old_data:130 - (311, 'MATICUSDT', 1.488, 87954.9, '2022-04-07 12:38:26.744967', '2000-01-01 00:00:00.000000', 0) -0.0006720430107527431)
2022-04-07 12:55:30.510 | INFO     | __main__:get_depth_from_websocket:94 - {'stream': 'enjusdt@depth', 'data': {'e': 'depthUpdate', 'E': 1649325324395, 's': 'ENJUSDT', 'U': 1693182371, 'u': 1693182394, 'b': [['1.66200000', '5735.90000000'], ['1.66100000', '6065.10000000'], ['1.66000000', '10407.80000000'], ['1.65900000', '12250.40000000'], ['1.65800000', '10872.50000000'], ['1.63900000', '7158.50000000'], ['1.62200000', '656.80000000']], 'a': [['1.66400000', '4130.10000000'], ['1.66600000', '8738.60000000'], ['1.66700000', '10520.80000000'], ['1.66800000', '9819.90000000'], ['1.66900000', '5931.70000000'], ['1.67300000', '1206.50000000']]}}
2022-04-07 12:55:30.525 | INFO     | __main__:get_depth_from_websocket:94 - {'stream': 'hotusdt@depth', 'data': {'e': 'depthUpdate', 'E': 1649325324395, 's': 'HOTUSDT', 'U': 1059593707, 'u': 1059593711, 'b': [['0.00575400', '1788680.00000000'], ['0.00574700', '346514.00000000']], 'a': [['0.00577000', '531058.00000000'], ['0.00577200', '206668.00000000'], ['0.00578000', '258523.00000000']]}}
2022-04-07 12:55:30.533 | INFO     | __main__:get_depth_from_websocket:94 - {'stream': 'avaxusdt@depth', 'data': {'e': 'depthUpdate', 'E': 1649325324395, 's': 'AVAXUSDT', 'U': 2757405228, 'u': 2757405318, 'b': [['84.57000000', '0.00000000'], ['84.56000000', '306.79000000'], ['84.55000000', '31.52000000'], ['84.54000000', '157.90000000'], ['84.53000000', '413.65000000'], ['84.51000000', '663.25000000'], ['84.47000000', '947.45000000'], ['84.46000000', '692.54000000'], ['84.44000000', '351.39000000'], ['84.42000000', '239.81000000'], ['84.39000000', '304.22000000'], ['84.37000000', '758.63000000'], ['84.36000000', '2.88000000'], ['84.33000000', '90.50000000'], ['84.31000000', '336.58000000'], ['84.30000000', '252.42000000'], ['84.29000000', '32.07000000'], ['84.28000000', '477.21000000'], ['84.27000000', '450.73000000'], ['84.26000000', '253.70000000'], ['84.25000000', '314.76000000'], ['84.23000000', '24.37000000'], ['84.22000000', '35.03000000'], ['84.19000000', '108.58000000'], ['84.18000000', '13.48000000'], ['84.15000000', '15.72000000'], ['73.50000000', '254.93000000']], 'a': [['84.57000000', '114.53000000'], ['84.58000000', '131.21000000'], ['84.59000000', '101.81000000'], ['84.60000000', '68.83000000'], ['84.61000000', '264.43000000'], ['84.62000000', '73.26000000'], ['84.63000000', '233.14000000'], ['84.64000000', '183.79000000'], ['84.65000000', '386.25000000'], ['84.68000000', '690.09000000'], ['84.69000000', '109.22000000'], ['84.70000000', '72.07000000'], ['84.84000000', '104.52000000'], ['84.92000000', '186.38000000'], ['88.51000000', '33.31000000'], ['88.95000000', '51.17000000']]}}
2022-04-07 12:55:30.588 | INFO     | __main__:get_depth_from_websocket:94 - {'stream': 'iotxusdt@depth', 'data': {'e': 'depthUpdate', 'E': 1649325324395, 's': 'IOTXUSDT', 'U': 971618623, 'u': 971618642, 'b': [['0.08180000', '73344.00000000'], ['0.08178000', '30533.00000000'], ['0.08175000', '55011.00000000'], ['0.08173000', '215207.00000000'], ['0.08170000', '21144.00000000'], ['0.08165000', '24945.00000000'], ['0.08080000', '167378.00000000']], 'a': [['0.08182000', '330.00000000'], ['0.08183000', '1193.00000000'], ['0.08184000', '0.00000000'], ['0.08187000', '18330.00000000'], ['0.08188000', '2302.00000000'], ['0.08189000', '0.00000000'], ['0.08197000', '30546.00000000'], ['0.08200000', '12430.00000000'], ['0.08204000', '71042.00000000'], ['0.08211000', '153134.00000000'], ['0.08294000', '268952.00000000'], ['0.08316000', '0.00000000']]}}
2022-04-07 12:55:30.607 | INFO     | __main__:get_depth_from_websocket:94 - {'stream': 'peopleusdt@depth', 'data': {'e': 'depthUpdate', 'E': 1649325324396, 's': 'PEOPLEUSDT', 'U': 358758714, 'u': 358758717, 'b': [['0.05700000', '2990778.10000000'], ['0.05530000', '4759.80000000']], 'a': [['0.05740000', '1143477.50000000']]}}
2022-04-07 12:55:30.618 | INFO     | __main__:get_depth_from_websocket:94 - {'stream': 'roseusdt@depth', 'data': {'e': 'depthUpdate', 'E': 1649325324396, 's': 'ROSEUSDT', 'U': 941203282, 'u': 941203317, 'b': [['0.25417000', '3715.10000000'], ['0.25414000', '3793.30000000'], ['0.25404000', '3552.90000000'], ['0.25403000', '16227.30000000'], ['0.25396000', '960.10000000'], ['0.25385000', '54431.30000000'], ['0.25384000', '3588.40000000'], ['0.25383000', '3986.80000000'], ['0.25325000', '11525.90000000'], ['0.25288000', '0.00000000'], ['0.25274000', '5888.80000000'], ['0.25273000', '9116.90000000'], ['0.25271000', '5045.90000000'], ['0.25269000', '10181.40000000'], ['0.25266000', '32914.90000000'], ['0.25246000', '110.00000000']], 'a': [['0.25422000', '915.30000000'], ['0.25423000', '614.20000000'], ['0.25424000', '113.10000000'], ['0.25425000', '1541.40000000'], ['0.25445000', '5856.70000000'], ['0.25482000', '11836.40000000'], ['0.25512000', '0.00000000']]}}
2022-04-07 12:55:30.626 | DEBUG    | __main__:check_old_data:130 - (312, 'MATICUSDT', 1.489, 87243.2, '2022-04-07 12:38:26.751973', '2000-01-01 00:00:00.000000', 0) 0.0)
2022-04-07 12:55:30.660 | INFO     | __main__:get_depth_from_websocket:94 - {'stream': 'ftmusdt@depth', 'data': {'e': 'depthUpdate', 'E': 1649325324396, 's': 'FTMUSDT', 'U': 3224192286, 'u': 3224192301, 'b': [['1.33550000', '429.00000000'], ['1.33540000', '958.00000000'], ['1.33100000', '2001.00000000'], ['1.33090000', '9582.00000000'], ['1.33050000', '1516.00000000'], ['1.33000000', '48567.00000000'], ['1.32990000', '1882.00000000'], ['1.32970000', '2933.00000000'], ['1.32940000', '20.00000000'], ['1.32910000', '1444.00000000']], 'a': [['1.33570000', '1082.00000000'], ['1.33650000', '6489.00000000'], ['1.67000000', '67409.00000000']]}}
2022-04-07 12:55:30.680 | INFO     | __main__:get_depth_from_websocket:94 - {'stream': 'eosusdt@depth', 'data': {'e': 'depthUpdate', 'E': 1649325324396, 's': 'EOSUSDT', 'U': 5718984170, 'u': 5718984180, 'b': [['2.48100000', '18184.30000000'], ['2.48000000', '20503.90000000'], ['2.47900000', '10193.60000000'], ['2.47800000', '15194.80000000']], 'a': [['2.48400000', '6440.80000000'], ['2.48500000', '8499.80000000']]}}
